3054 5048
735 230 756 292 9

144 406 241 498 quod.
264 427 304 474 ne
328 425 346 470 a
374 403 475 470 latinis
500 402 629 489 quidem
655 402 759 487 poetis
781 400 919 468 alienum
944 369 1007 480 est,
1032 405 1071 470 ol.
1118 401 1275 468 Valerium
1300 401 1348 472 lv,

145 523 225 588 336:
251 520 359 586 «freta
382 539 503 585 curre»
530 539 604 603 pro:
630 537 690 603 per
713 517 794 582 freta
818 519 981 598 ourre¹⁴).

233 635 309 700 Aliae
333 631 578 720 praepositiones
600 629 851 720 monosyllabae,
891 630 1008 718 quibus
1038 633 1125 698 notio
1149 630 1260 698 loualis
1283 651 1346 698 noo

93 791 97 800 ·
144 751 240 827 inest,
264 749 365 815 rarius
388 746 452 812 hoo
475 744 573 814 modo
597 743 805 823 adhibentur,
828 756 863 812 ut
886 746 1072 833 praepositio
1090 767 1151 834 per
1173 747 1248 814 Aen.
1272 745 1346 818 Vlll,

146 865 244 931 tt3:
265 863 340 930 «his
371 861 471 927 fretus
500 882 563 926 uon
594 859 717 948 legatos
741 881 847 948 neque
872 860 973 947 prima
1000 881 1059 946 per
1081 871 1184 928 artem
1208 870 1346 948 tempta·

145 990 252 1046 menta
277 978 320 1044 tui
344 975 451 1064 pepigi
460 983 494 1052 “‚
518 975 538 1042 i.
561 997 590 1042 e.
613 997 720 1063 neque
744 995 803 1061 per
826 973 948 1062 legatos
972 997 1078 1062 neque
1093 986 1266 1063 perartem
1284 985 1345 1040 eto.

145 1103 177 1160 et
200 1091 385 1181 praepositiu
409 1113 480 1156 eum
502 1092 577 1156 Hor.
600 1111 652 1176 ep.
675 1091 709 1155 ll.
735 1089 769 1164 1,
792 1089 852 1156 25=
889 1088 1040 1156 rluidera
1070 1112 1182 1178 regum
1206 1088 1257 1156 vel
1281 1089 1345 1154 Ga·

144 1208 203 1274 biis
227 1205 277 1272 vel
301 1226 374 1271 oum
398 1205 504 1294 rigidis
527 1215 655 1292 aequata
678 1201 829 1268 Sabinis»
866 1223 943 1288 pro:
979 1202 1028 1269 val
1053 1225 1125 1270 oum
1150 1203 1258 1278 Gabiis
1282 1217 1343 1277 etc,

144 1321 235 1408 Apud
260 1320 417 1388 Valerium
442 1316 805 1414 eiusmodiexemplum
829 1339 893 1382 non
916 1317 1030 1386 inveni.

233 1436 355 1515 Quodsi
370 1456 501 1502 oausam
517 1421 658 1521 inquiris,
674 1453 731 1498 cur
750 1443 858 1518 poetae
875 1432 1081 1519 potissimum,
1103 1435 1341 1523 exquisitiorem

143 1553 226 1619 hanc
250 1533 430 1618 collocandi
453 1552 609 1616 rationem
633 1546 834 1623 admiserint,
859 1557 977 1612 tautum
1002 1547 1110 1626 abest,
1135 1564 1169 1616 ut
1190 1550 1258 1617 sola
1274 1571 1344 1617 ma-

144 1667 222 1732 trina
246 1664 369 1731 ratione
391 1665 563 1739 ducantur,
599 1675 634 1729 ut
666 1661 806 1728 sermoni
835 1661 937 1726 maior
965 1661 1038 1728 iude
1062 1665 1108 1730 vis
1132 1676 1164 1731 et
1187 1665 1345 1754 elegantia

144 1781 290 1846 addatur.
335 1779 401 1845 Tali
432 1780 515 1845 euim
547 1776 782 1866 praepositionis
811 1775 1022 1842 oollooatione
1045 1778 1166 1866 singula
1189 1779 1344 1858 membra,

143 1896 334 1982 inquorum
358 1893 466 1960 medio
498 1892 682 1980 praepositio
707 1891 810 1978 posita
840 1901 902 1967 est,
934 1889 1109 1980 distinctius
1128 1895 1345 1980 proferuntur,

143 2033 208 2103 quo
232 2007 282 2086 lit,
307 2019 341 2074 ut
363 2029 454 2074 mens
476 2007 611 2096 legentis
634 2008 663 2072 in
680 2003 808 2093 singulis
831 2003 947 2069 diutius
971 2018 1115 2074 moretur
1137 2028 1273 2076 necesse
1296 2011 1345 2076 sit.

233 2125 383 2192 Ceterum
406 2121 470 2189 hoo
492 2143 625 2199 moneo,
649 2121 777 2186 minime
802 2133 890 2186 recte
914 2119 975 2186 dici
999 2122 1260 2207 praepositionern
1284 2146 1344 2210 per

145 2240 268 2325 ellipsin
293 2240 321 2302 in
348 2239 455 2324 priore
486 2235 634 2300 membro
668 2236 817 2301 omissam
843 2256 934 2315 osso;
970 2236 1065 2301 immo
1089 2235 1262 2304 dicendum
1288 2251 1345 2316 est,

145 2365 258 2440 poetas
282 2373 412 2439 magno,
436 2372 531 2438 quam
556 2351 585 2416 iu
611 2347 806 2416 collocandis
831 2349 1110 2435 praepositionibus
1127 2350 1186 2416 sibi
1207 2365 1344 2430 sumunt,

91 2519 95 2530 ,
144 2468 290 2534 libertate
314 2465 428 2533 ductos
452 2465 609 2546 interdum
642 2465 918 2550 praepositionem‚
954 2464 1008 2529 ubi
1041 2465 1123 2532 nulla
1155 2465 1344 2555 ambiguitas

144 2583 259 2650 exoriri
284 2593 405 2668 potest,
430 2581 471 2648 ita
497 2601 633 2664 ponere,
659 2591 691 2644 ut
714 2578 754 2644 ad
780 2579 914 2644 alterurn
940 2571 1119 2650 membrum
1143 2579 1247 2646 solum
1269 2602 1344 2670 per-

144 2701 244 2762 tinere
270 2695 425 2761 videatur.

232 2812 297 2876 Alia
324 2810 555 2896 praepositionis
579 2809 776 2875 collocandae
801 2810 896 2886 ratio,
921 2807 975 2874 ubi
1000 2807 1127 2877 duobus
1141 2809 1345 2878 substantivis

144 2927 401 2998 attributum-ea
426 2936 489 3001 est,
514 2937 546 2989 ut
570 2926 650 2988 inter
673 2925 760 3010 prius
783 2923 1013 2990 substantivum
1038 2937 1070 2989 et
1088 2925 1273 3011 particulam
1288 2947 1345 2992 oo-

145 3043 315 3130 pulativam
339 3038 526 3105 intercedat.
572 3037 665 3118 Quod
691 3049 755 3102 tum
774 3035 969 3124 potissimum
985 3039 1090 3104 locum
1106 3039 1223 3116 habet,
1245 3061 1343 3127 quum

143 3157 308 3223 sententiae
334 3155 379 3222 vis
403 3155 431 3219 in
458 3155 565 3239 priore
588 3152 787 3219 substantivo
812 3153 914 3238 posita
941 3163 1004 3230 est,
1040 3164 1073 3218 el
1102 3153 1236 3220 alterurn
1266 3174 1347 3220 non-

144 3273 202 3338 nisi
232 3270 273 3336 ad
303 3290 370 3335 rem
402 3265 657 3353 amplificandam
682 3267 818 3333 additur.
871 3267 966 3332 Cuius
994 3269 1039 3332 rei
1069 3267 1155 3354 apud
1187 3267 1344 3344 Valerium

144 3388 236 3476 plura
261 3383 410 3470 exempla
435 3392 570 3459 exstant,
600 3381 687 3449 velut
715 3384 735 3459 1,
759 3383 817 3448 45:
856 3381 1007 3468 «hospita
1039 3385 1107 3448 vina
1133 3384 1213 3450 inter
1237 3395 1269 3447 at
1292 3404 1345 3447 so-

143 3501 305 3574 lemnia»,
341 3496 394 3562 ubi
425 3495 580 3562 vocabula
608 3496 759 3585 «hospita
789 3498 886 3561 vina»
912 3497 1074 3583 aptissime
1101 3498 1344 3582 praemittuntur,

144 3618 220 3706 quia
250 3607 374 3682 oaedes'
390 3611 493 3680 Phrixi
523 3611 580 3696 (de
613 3610 673 3678 hac
697 3613 780 3678 enim
805 3621 901 3697 poeta
925 3610 1079 3704 loquitur)
1105 3633 1145 3677 eo
1168 3610 1344 3680 detestabi-

144 3734 204 3799 lior
217 3713 273 3807 dst,
292 3726 380 3817 quod
396 3727 476 3792 inter
489 3725 647 3812 hospitale
660 3727 839 3794 convivium
852 3727 1023 3796 commissa
1038 3736 1095 3791 est.
1133 3726 1219 3792 ldam
1233 3727 1345 3792 dicen.-

145 3848 221 3913 dum
236 3856 285 3914 est
296 3843 338 3910 de
351 3843 387 3906 ll.
398 3839 477 3905 l8l:
504 3839 698 3926 «amplexus
711 3840 793 3907 iuter
805 3841 1016 3928 planctusque
1030 3851 1197 3926 parentum
1211 3865 1244 3922 u;
1259 3841 1342 3908 simi-

145 3964 216 4032 liter
239 3957 392 4047 Vergilius
404 3957 478 4022 Aen.
492 3956 526 4020 ll.
540 3953 598 4020 ott
613 3982 621 4020 z
648 3975 787 4024 umauus
799 3956 881 4025 iuter
891 3965 1141 4041 maestorumque
1159 3939 1215 4020 o‘ra
1229 3975 1346 4043 paren,

309 4125 415 4138 —n—

175 4227 206 4296 ¹⁴)
225 4221 359 4284 Similiter
376 4218 481 4286 Vergil.
500 4219 570 4271 Aen.
588 4218 636 4272 111.
656 4220 706 4272 191
726 4224 755 4271 et
773 4220 807 4274 V..
825 4221 889 4274 235:
921 4234 1056 4288 „currere
1082 4171 1223 4286 aequor“;·
1242 4237 1268 4271 v.
1294 4218 1348 4272 hau

219 4321 253 4384 de
272 4336 303 4371 re
320 4319 424 4385 Rama,
444 4315 494 4369 der
513 4315 688 4369 aecusativus
706 4316 752 4370 bei
771 4317 882 4385 Vergi13
907 4317 929 4370 Ι.
947 4315 1042 4382 Theil;
1060 4315 1159 4382 Progr.
1179 4331 1234 4374 von
1251 4315 1347 4380 Diirap

218 4421 286 4477 1871
306 4413 333 4469 S.
351 4417 379 4472 7.
