3054 5048
34 805 37 840 l

34 849 53 940 l.

740 477 763 603 ,L

374 703 387 714 “
482 698 790 790 Deproeposltlonum
813 705 1025 771 collocatione.

95 901 98 907 '
144 860 226 970 Ubi
251 885 293 953 de
317 883 487 958 liberiore.
511 905 573 974 qua
599 899 706 973 poetae
731 888 760 952 in
785 887 1065 977 praepositionibus
1081 899 1224 964 utuntur,
1249 887 1349 956 collo·

33 1073 34 1076 ,
143 1004 271 1069 catione
295 1001 430 1090 quaestio
455 1000 637 1077 instituitur,
670 1002 811 1088 inprimis
833 1002 1089 1090 distinguendum
1114 1014 1164 1070 est
1185 1003 1267 1070 iuter
1289 1023 1348 1070 eas

143 1117 400 1204 praepositiones,
438 1135 512 1203 quae
536 1113 763 1182 adverbiorum
794 1137 924 1204 quoque
949 1118 1009 1181 vim
1034 1115 1180 1183 obtinere
1206 1115 1346 1204 ideoque

142 1231 184 1297 ab
212 1231 296 1298 omui
320 1229 507 1296 substantivi
542 1249 618 1296 casu
650 1231 805 1298 seiunetae
829 1229 975 1297 adhiberi
1000 1243 1149 1320 possunt,
1184 1232 1214 1296 in
1244 1253 1345 1322 'quem

141 1367 308 1412 numerum
334 1343 579 1432 praepositiones
608 1343 794 1434 dissyllabae
826 1347 1023 1432 potissimum
1059 1345 1240 1432 referendae
1262 1358 1343 1423 sunt,

140 1450 173 1528 el
197 1483 269 1537 eas,
302 1481 376 1549 quae
407 1458 535 1526 nonnisi
563 1457 760 1525 substantivo
790 1458 882 1524 alicui
917 1450 1110 1526 inhaerentes
1134 1460 1343 1538 inveniuntur,

139 1596 280 1664 quaeque
305 1575 436 1662 proprie
461 1574 722 1660 praepositionum
748 1596 864 1641 nomeu
889 1575 1042 1641 obtinent.
1087 1582 1230 1661 Apparet
1248 1575 1341 1653 enim,

140 1693 265 1777 priores
287 1688 371 1762 illas,
396 1710 493 1774 quum
519 1710 578 1776 per
601 1711 637 1754 se
660 1691 721 1754 inm
747 1691 875 1776 plenum
900 1703 933 1755 et
960 1692 1116 1776 integrum
1140 1711 1268 1756 sensum
1286 1689 1343 1756 ha·

139 1804 218 1871 bere
249 1805 382 1892 possint,
424 1801 606 1870 liberiorem
631 1804 890 1881 collocationem,
924 1802 977 1869 ubi
1001 1800 1199 1870 substantivo
1228 1804 1341 1870 adiun·

136 1932 270 2006 guntur,
306 1915 426 1985 lucilius
454 1915 687 1998 admitterem
717 1920 883 2008 praecipue
914 1918 1037 2006 longius
1065 1916 1106 1983 ab
1131 1938 1171 1983 eo
1194 1922 1339 2005 separari

137 2055 243 2121 posse.
296 2035 344 2100 De
381 2031 661 2120 praepositionibus
698 2057 775 2101 vero
808 2034 921 2122 propie
952 2033 1044 2098 dictis
1078 2032 1265 2120 Reisigius⁵)
1296 2034 1338 2099 ita

135 2147 291 2235 loquitur:
327 2149 413 2215 «Die
445 2139 656 2237 cigentliche'n
689 2149 941 2235 Praepositionen
973 2147 1101 2212 konnen
1125 2146 1212 2213 nieht
1233 2146 1336 2213 ihrem

134 2283 228 2329 casus
252 2261 462 2350 nachgestellt
483 2262 633 2338 werden,
657 2261 739 2329 auch
765 2262 851 2329 nicht
873 2261 1048 2350 gesondert
1072 2259 1335 2327 voudemselben

132 2376 263 2460 slehen3
299 2376 439 2444 sondern
475 2378 522 2443 sie
551 2382 680 2442 miissen
711 2377 880 2444 entweder
910 2374 1114 2442 unmittelbar
1144 2396 1202 2440 vor
1232 2374 1335 2441 ihrem

133 2513 264 2568 nomen,
287 2491 369 2558 oder
390 2513 484 2558 wenn
508 2515 546 2556 zu
571 2491 645 2558 dem
671 2513 787 2558 nomen
812 2493 862 2559 ein
885 2491 1035 2556 Pradikat
1058 2501 1180 2578 gesetzt
1199 2489 1239 2556 ist
1253 2490 1287 2572 (i.
1305 2511 1334 2557 e.

131 2606 323 2672 adiectivum
354 2605 402 2672 vel
437 2628 615 2692 pronomen
639 2606 953 2682 demonstrativum),
977 2601 1139 2671 zwisuhen
1163 2604 1238 2672 dem
1264 2606 1333 2672 Ob-

126 2719 232 2805 jekts·
257 2719 321 2785 und
347 2719 632 2811 Prtidikatsbegriff
652 2723 783 2803 slehen;
808 2720 958 2790 dasselbe
982 2719 1050 2808 gill,
1074 2707 1167 2785 wenn
1192 2718 1251 2785 das
1274 2741 1333 2786 no·

131 2857 203 2901 men
228 2835 319 2901 einen
345 2835 469 2902 Genitiv
494 2835 545 2902 bei
569 2837 638 2903 sich
662 2817 752 2903 lratn.
1312 2847 1318 2856 '

218 2949 355 3016 Primum
388 2952 480 3038 igitur
513 2965 672 3039 poetarum
708 2955 737 3017 in
771 2950 966 3018 collocandis
990 2949 1271 3037 praepositionibus
1294 2951 1330 3014 li-

128 3061 231 3130 centia
257 3065 285 3128 in
310 3086 350 3131 eo
374 3068 527 3142 cernitur,
561 3067 647 3155 quod
681 3066 943 3153 praepositiones,
980 3053 1047 3130 sive
1072 3084 1180 3130 casum
1205 3084 1329 3150 praece·

127 3177 220 3254 dunt,
257 3179 325 3247 sive
348 3193 541 3268 sequuntur,
579 3181 702 3269 longius
725 3181 767 3247 ab
792 3201 832 3246 eo
856 3179 924 3246 aliis
949 3177 1113 3245 vocabulis
1137 3178 1329 3264 interpositis

125 3313 280 3381 separare
305 3305 337 3362 et
359 3316 530 3362 removere
553 3295 665 3362 solent„
711 3297 823 3383 Neque
836 3295 918 3360 enim
935 3292 1020 3359 solas
1044 3291 1228 3378 particulas,
1253 3313 1327 3380 quae

123 3409 352 3474 sententiarum
378 3410 471 3476 nexui
494 3411 683 3488 inserviunt,
706 3409 764 3477 sed
789 3408 867 3474 alias
890 3429 1020 3496 quoque
1044 3406 1195 3473 orationis
1217 3418 1327 3493 partes

123 3523 243 3609 saepius
266 3524 480 3609 interponunt.
526 3526 597 3605 Qua
620 3525 743 3592 licentia
769 3523 910 3589 Valerius
935 3523 976 3586 ita
1001 3539 1226 3607 nonnunquam
1250 3542 1325 3586 usus

124 3647 185 3711 est,
226 3648 258 3702 ut
288 3641 474 3727 praepositio
504 3640 554 3705 vel
587 3641 710 3727 integro
741 3659 835 3704 versu
866 3657 885 3702 a
916 3635 1131 3731 substantivo,
1170 3633 1210 3700 ad
1236 3635 1324 3722 quod

122 3752 290 3836 pertinet,'
311 3755 454 3820 seiuncta
483 3729 531 3820 siu
584 3754 666 3818 Talis
697 3753 858 3841 separatio
888 3750 999 3816 melius
1036 3750 1110 3816 ferri
1142 3760 1263 3836 potest,
1298 3751 1323 3815 si

121 3867 307 3952 praepositio
338 3867 489 3935 attributo
521 3865 709 3935 substantivi
741 3868 828 3934 velut
851 3867 1025 3939 adiectivo.
1064 3864 1240 3951 pronomini
1273 3863 1323 3929 vel

28 4043 35 4052 ,
122 3980 234 4045 saltem
228 3984 397 4158 ᾂηίῑὶνο
421 3983 594 4063 adhaeret;
618 3983 657 4051 ul.
680 3984 702 4049 Ι.
727 3983 807 4049 46οε
841 3983 983 4069 «Aegaei
1006 4001 1106 4066 super
1129 3979 1238 4068 effugit
1260 3981 1323 4045 ulta

120 4095 234 4179 prusun
262 4097 315 4176 in;
354 4099 403 4163 tlt.
431 4100 513 4164 706:
551 4118 691 4183 «aspera
720 4116 805 4162 nunc
835 4094 969 4181 pavidos
1000 4106 1112 4160 contra
1144 4096 1205 4160 ruit
1240 4114 1322 4180 agna

118 4208 278 4274 leones‘ln
305 4209 358 4276 ubi
384 4222 415 4278 et
439 4200 574 4278 leffium
591 4210 710 4276 finitum
729 4220 761 4277 ct
775 4208 954 4275 subiectum
975 4207 1158 4290 intercedit;
1184 4210 1219 4275 lt.
1241 4207 1321 4275 out:

116 4351 383 4365 u———ss

152 4420 174 4488 ὁ)
192 4437 218 4473 v.
239 4419 434 4475 vomentium
452 4423 501 4475 lat.
521 4422 661 4491 Spraohw.
682 4421 708 4491 ξ.
727 4421 793 4488 402,
813 4419 848 4475 ei.
867 4418 892 4488 ξ.
915 4419 972 4473 137.

1017 4505 1030 4570 l
