3054 5048
708 257 745 326 ‘ll

711 485 767 562 tlt.

205 633 251 700 De
274 631 432 698 nonnullis
455 625 529 696 ollis
552 630 586 696 ln
609 628 810 716 collocutione
832 629 998 695 norbornnt
1018 629 1276 716 proprietalibus.

227 793 314 856 More
339 791 478 855 omnium
503 802 670 874 poetarum
696 787 836 853 Valerius
861 809 919 873 per
932 788 1169 864 attractionem,
1195 811 1268 876 quae
1293 792 1341 856 di·

138 909 233 982 eitur,
258 906 505 978 substantivum,
530 906 579 968 oui
606 924 784 988 pronomen
808 903 974 968 relativum
992 902 1152 978 adhaeret,
1178 907 1340 974 enuntiato

17 1020 39 1078 ‘l
120 1024 271 1087 relativo
295 1009 469 1084 attribuere
494 1018 590 1088 solet,
617 1020 793 1112 praesertim
818 1020 844 1084 si
869 1020 898 1083 in
922 1028 1061 1103 utroque
1085 1021 1247 1085 enuntiato
1264 1021 1341 1086 sub—

87 1149 89 1154 ·
139 1113 210 1200 iecti
237 1135 305 1199 vioe
330 1117 475 1219 iungitur.
522 1132 674 1216 Exempla
699 1131 801 1198 hebes
828 1133 979 1219 plurima:
1011 1134 1046 1198 ll.
1078 1135 1118 1198 bl
1152 1135 1234 1210 „sed
1265 1135 1339 1201 mihi

137 1250 218 1324 dux,
259 1249 361 1314 vetitis
393 1248 445 1334 qui
478 1268 637 1333 nunquam
668 1246 813 1312 conditus
845 1247 936 1312 undis
967 1267 1027 1312 axe
1057 1248 1135 1313 nitet
1162 1263 1338 1335 serpens“;

19 1385 40 1425 n
135 1363 182 1430 IV.
206 1363 262 1428 ot:
289 1361 388 1449 „ligat
410 1361 508 1438 huno,
532 1363 585 1447 qui
610 1360 716 1426 nubila
742 1372 851 1426 contra
876 1360 1043 1442 balteus“;
1066 1360 1108 1428 ib.
1131 1363 1215 1428 ild:
1246 1367 1339 1451 „qui·
1412 1355 1416 1362 ¹

23 1502 29 1540 r
134 1499 198 1564 que
224 1499 282 1565 per
306 1490 416 1542 arcton
441 1524 449 1540 .
472 1524 480 1542 .
504 1524 512 1540 .
536 1488 652 1561 pontus
677 1477 802 1552 iacet“;
828 1476 867 1541 cf.
891 1477 911 1541 Ι.
936 1476 1017 1551 tem
1042 1475 1100 1542 50t
1131 1492 1190 1544 eto.

29 1669 30 1677 ἵ
114 1597 117 1610 ·
224 1592 294 1670 Qua
320 1593 348 1655 in
374 1611 409 1654 re
433 1610 521 1675 saepe
545 1587 592 1668 fit,
617 1603 650 1655 ut
674 1591 865 1656 adiectivum
891 1590 941 1656 vel
967 1612 1158 1677 pronomen,
1183 1592 1271 1679 quod
1295 1587 1350 1658 ad'

17 1721 35 1768 rt
133 1705 364 1770 substantivum
390 1703 462 1768 illud
489 1704 693 1770 referendum
720 1716 783 1782 est,
821 1705 851 1768 in
882 1706 989 1790 priore
1021 1707 1100 1771 sede
1125 1705 1335 1792 relinquatur3

18 1827 33 1887 h
135 1821 220 1885 velut
245 1822 276 1885 ll.
301 1821 381 1884 lli:
420 1841 505 1905 „per
535 1819 619 1884 hune
648 1827 708 1897 (so.
739 1821 812 1898 oro)
843 1830 934 1883 utero
959 1841 1055 1907 quem
1081 1821 1194 1908 linquis
1218 1825 1334 1888 lasona

133 1945 282 2015 nostro“;
307 1936 380 1998 Vttt.
404 1936 463 1998 ta:
487 1955 606 2008 „serva
631 1935 713 2000 hano
739 1934 883 2020 profugae
908 1934 995 2019 prior
1018 1936 1087 2021 ipse
1103 1934 1217 2000 dedisti
1237 1957 1333 2024 quam

17 2059 28 2108 ς.
131 2049 209 2128 (scis
233 2057 365 2135 pempe)
387 2046 526 2129 fidem“;
551 2051 597 2114 Vl.
623 2049 705 2114 t8t:
730 2047 894 2124 „necdum
909 2048 1009 2124 clara,
1033 2048 1149 2136 quibus
1165 2071 1238 2114 sese
1250 2052 1334 2138 Fuga

22 2205 25 2230 ε
132 2163 291 2229 mentibus
314 2162 436 2228 addat“
465 2165 481 2228 i.
507 2185 535 2230 e.
560 2163 696 2229 necdum
721 2164 803 2251 Fuga
829 2163 915 2228 clara
938 2169 1059 2242 (certa,
1091 2184 1198 2251 graeco
1223 2166 1333 2248 δῆλος)

17 2290 24 2346 t
131 2289 214 2354 erat,
239 2277 355 2364 quibus
378 2289 439 2344 eto.
463 2279 484 2344 l.
507 2279 587 2342 363:
615 2267 698 2376 „bip
716 2277 851 2364 patrium
877 2278 991 2366 frangit
1013 2279 1187 2364 Neptunius
1211 2300 1333 2367 aequor,

19 2423 21 2460 2
131 2393 183 2478 qui
209 2403 296 2457 tenet
328 2392 513 2466 undisonam
546 2392 735 2457 Psamathen
768 2413 965 2478 semperque
990 2404 1151 2478 petentem
1177 2396 1333 2458 Taenaron

130 2505 352 2593 Euphemus‘¹‚
377 2505 431 2571 ubi
456 2507 645 2600 coniungas:
670 2507 844 2590 Neptunius
869 2506 1065 2594 Euphemns,
1089 2507 1142 2594 qui
1167 2518 1228 2574 etc.

218 2621 366 2688 Similiter
398 2623 582 2687 attributum
618 2641 635 2684 a
665 2619 862 2686 substantivo
893 2634 942 2685 sat
972 2620 1064 2708 longe
1094 2633 1252 2687 remotum
1285 2635 1333 2688 est

128 2735 162 2800 tt.
187 2735 268 2802 ddi:
309 2758 398 2813 „non
431 2737 491 2800 ulla
518 2757 592 2800 meo
615 2747 646 2800 te
671 2734 812 2800 carmine
836 2734 953 2799 dictam
977 2735 1178 2810 abstulerint.
1216 2736 1333 2802 durent

129 2851 222 2915 Latiis
245 2850 342 2916 modo
366 2852 483 2918 saecula
509 2852 620 2916 fastis“
646 2871 718 2934 pro:
756 2870 818 2914 nun
843 2849 904 2914 ulla
929 2851 1063 2927 saecule,
1095 2850 1192 2916 modo
1216 2852 1332 2916 durent

128 2976 203 3043 etc.;
235 2967 293 3029 vtt.
317 2966 398 3032 not:
437 2970 597 3046 „tratemt
621 2963 748 3050 qualem
774 2976 879 3029 nostra
904 2987 962 3029 suo
987 2986 1146 3052 nunquam
1172 2966 1330 3032 dimittere

128 3094 220 3165 portu
246 3081 353 3146 vellet
376 3080 483 3146 adhuc
506 3100 618 3146 omnes
631 3098 705 3164 quae
718 3077 838 3144 detinet
854 3079 954 3144 iusula
970 3062 1122 3157 nautas“,
1149 3083 1164 3146 i.
1179 3103 1206 3148 e.
1223 3059 1329 3147 alisna
1370 3135 1372 3140 .

126 3195 243 3268 insula,
267 3216 341 3282 quae
366 3207 427 3260 eto.

217 3311 287 3384 Qua
312 3311 341 3373 in
366 3331 402 3374 re
427 3330 525 3396 quum
550 3327 685 3374 necesse
709 3307 762 3384 sit,
786 3305 1016 3373 substantivum
1042 3313 1190 3375 enuntiati
1208 3309 1329 3376 relativi

125 3436 295 3490 structurae
320 3423 574 3497 accommodari,
598 3421 666 3487 fieri
691 3432 812 3506 potest,
836 3433 870 3485 ut
893 3421 1076 3488 attributum
1101 3444 1118 3488 a
1143 3425 1329 3491 substantivi

124 3558 202 3602 casu
226 3538 406 3624 discrepet.
439 3536 526 3602 vetut
557 3537 618 3602 vu.
649 3537 729 3601 noe:
761 3535 870 3613 „tuum
896 3557 957 3624 ego
981 3539 1035 3624 qui
1060 3539 1135 3604 utris
1159 3521 1235 3604 cius
1260 3541 1330 3605 utu-

124 3674 195 3716 mus
220 3652 348 3718 haeserit
370 3653 454 3717 arvis
478 3700 485 3715 .
509 3699 517 3716 .
540 3699 549 3716 .
573 3671 712 3737 ossaque
727 3671 919 3736 componam
930 3645 963 3726 “’,
987 3653 1005 3717 i.
1029 3676 1057 3718 e.
1073 3653 1156 3717 illum
1177 3658 1327 3732 cinerem,

122 3767 177 3852 qni
200 3815 209 3830 .
232 3814 240 3828 .
265 3815 272 3833 .
298 3766 441 3840 haeserit,
470 3785 608 3852 ossaque
634 3785 835 3850 componam.
889 3765 1108 3844 Quamobrem
1133 3770 1161 3832 in
1188 3768 1205 3834 Ι.
1228 3769 1276 3832 ltt.
1301 3791 1329 3834 v.

122 3883 203 3955 592,
229 3881 281 3945 ubi
307 3880 437 3946 codices
461 3877 628 3945 exhibent:
652 3878 741 3956 „heu
767 3880 906 3955 miserae,
931 3879 1047 3966 quihus
1071 3881 1121 3946 itte
1142 3883 1234 3957 lerae,
1258 3885 1328 3968 qui-

120 3996 184 4061 bus
208 3968 317 4060 incidit
340 4015 473 4082 usquam
498 3995 662 4060 immeritis
686 4016 744 4082 per
767 3993 864 4058 lustra
890 3995 1001 4071 viris“‚
1033 3994 1238 4062 scribendum
1264 4009 1327 4062 est:

119 4109 211 4188 „heu
244 4110 371 4174 miserae
403 4107 519 4195 quihus
550 4109 600 4174 ille
637 4108 712 4174 seris
742 4117 828 4174 eto.“
860 4107 995 4174 Eccntra
1019 4110 1067 4176 vt.
1090 4110 1155 4176 760
1179 4111 1326 4176 codicum

118 4223 278 4308 scriptura
302 4222 461 4290 servanda
486 4235 552 4288 est:
576 4222 772 4312 „adgnoscit
789 4223 904 4288 lasona
929 4242 1084 4309 armaque
1108 4226 1227 4312 quique
1247 4245 1326 4290 cava

117 4349 270 4424 superest
293 4337 334 4402 de
360 4337 485 4404 casside
510 4337 647 4402 vultuo‘t
688 4336 776 4402 Thilo
794 4337 876 4402 enim
894 4342 971 4426 Aug.
987 4339 1182 4425 Wagnerum
1198 4321 1327 4404 secutus

118 4453 349 4520 nominativum
380 4453 486 4517 uultus
514 4451 557 4516 oh
583 4451 775 4537 praecedens
800 4449 932 4517 verbum
957 4453 1152 4540 agnoscendi
1178 4455 1206 4518 in
1230 4474 1328 4522 accu-

1045 4558 1090 4622 2*
1105 4583 1110 4592 .
