3054 5048
769 187 811 254 to

190 369 255 434 rius
277 366 325 430 tlt.
349 363 412 430 576
436 361 573 438 admisit,
610 361 652 427 de
684 384 748 450 quo
779 364 851 430 loco
880 387 977 452 supra
1008 367 1139 456 egimus.
1185 369 1386 458 participium

189 495 295 549 autern
320 482 359 546 ita
385 478 656 564 interpretandum
681 491 746 546 ast:
783 482 879 548 talem
907 503 943 548 se
968 482 1067 570 loqui,
1105 483 1158 571 qui
1182 484 1224 550 de
1249 487 1386 554 cuiusvis

188 599 265 666 socii
291 598 408 662 iactura
433 595 606 681 gemiturus
629 605 722 660 esset.
1341 609 1343 616 ’

275 715 343 776 tam
368 723 465 797 poeta
489 731 516 775 V.
539 712 603 775 645
628 712 669 776 ita
692 711 811 800 pergit:
849 733 998 788 „rursum
1030 713 1200 779 instimulat
1230 714 1383 804 ducitque

187 829 331 894 lavantes
362 826 579 914 magnanimus
601 826 766 916 Calydone
790 839 892 903 satus,
931 827 1108 915 potioribus
1139 829 1189 895 ille
1221 829 1382 896 deteriora

185 944 298 1011 fovens
320 963 515 1029 semperque
540 941 664 1006 inversa
688 942 767 1008 tueri
791 940 890 1008 durus
914 953 946 1008 et
968 942 1052 1009 haud
1079 944 1147 1010 ullis
1170 965 1309 1033 unquam
1329 968 1382 1011 su·

186 1057 337 1146 parabilis
366 1057 467 1144 aequis
496 1049 700 1122 rectorumve
724 1065 883 1124 mem0r“.
933 1058 1131 1144 Praecipuam
1163 1057 1380 1126 difficultatem

185 1185 294 1239 movet
316 1193 377 1240 vox
395 1171 587 1259 potioribus
610 1191 706 1258 quam
731 1170 921 1257 interpretes
944 1172 972 1237 in
989 1185 1198 1259 campartem
1216 1174 1380 1241 intellexe-

183 1299 270 1366 runt,
306 1299 340 1352 ut
369 1286 525 1352 ablativus
556 1305 649 1352 casus
679 1297 777 1364 esset,
812 1309 885 1374 pro:
925 1309 990 1374 prae
1018 1287 1195 1373 potioribus
1217 1289 1378 1356 deteriora

182 1403 303 1469 fovens.
349 1403 452 1482 Quem
475 1400 603 1467 ablativi
627 1423 716 1467 usum
741 1424 838 1490 quum
867 1403 987 1468 admitti
1021 1425 1082 1468 nou
1114 1425 1209 1490 posse
1240 1405 1376 1494 Eyssen-

182 1520 381 1600 hardtius⁴⁶)
407 1518 546 1594 videret,
583 1518 755 1584 mutatione
786 1517 885 1584 verba
909 1504 1181 1585 sanare‘oonatus
1203 1533 1267 1597 est,
1299 1520 1376 1587 sori-

182 1635 278 1702 bens:
301 1635 406 1722 potior
429 1631 544 1720 quibus
568 1632 618 1698 ille
642 1631 802 1698 deteriora
827 1635 956 1711 fovens,
981 1636 997 1698 i.
1022 1657 1050 1702 e.
1072 1635 1122 1712 iis,
1146 1636 1199 1722 qui
1217 1635 1376 1712 favebant,

181 1738 303 1838 potior}
338 1749 396 1816 sed
421 1749 534 1815 merito
558 1747 634 1812 Phil.
656 1747 834 1836 Wagnerus
857 1748 940 1815 hanc
964 1751 1178 1816 coniecturam
1199 1752 1375 1830 reiecit47).

180 1865 269 1931 Thilo
292 1864 410 1930 deinde
434 1864 475 1928 ita
507 1862 591 1929 buno
615 1862 718 1930 locum
743 1863 905 1952 explanari
934 1886 1029 1950 posse
1052 1867 1222 1942 existimat,
1247 1877 1280 1929 ut
1303 1887 1375 1931 ver-

179 1980 255 2046 bum
279 1979 408 2046 lovendi
432 1978 516 2044 idem
540 1977 707 2066 significet,
737 1977 840 2067 quod:
872 1981 971 2068 magis
994 1983 1101 2068 sequi,
1133 1983 1232 2068 magis
1254 2001 1373 2057 amare,

179 2110 211 2164 et
230 2095 408 2185 potioribus
429 2095 468 2160 sit
491 2093 646 2160 ablativus
670 2096 931 2182 comparationis,
970 2118 1065 2184 quem
1090 2096 1262 2176 dieunuss).
1307 2096 1371 2162 Sed

176 2214 234 2278 etsi
259 2209 481 2284 concedimus,
506 2209 588 2274 hanc
612 2210 673 2274 vim
698 2210 799 2275 verbo
823 2211 950 2277 fovendi
975 2214 1092 2290 inesse,
1117 2225 1222 2278 tamen
1237 2213 1373 2288 minime,

176 2326 230 2392 ubi
254 2328 490 2412 comparativus
504 2325 604 2391 verbo
621 2329 813 2404 continetur,
838 2327 991 2414 particula
1007 2349 1103 2416 quum
1118 2328 1235 2394 abesse
1258 2337 1372 2412 potest.

176 2445 275 2509 Recte
300 2443 399 2517 enim,
424 2462 513 2517 reor,
544 2442 698 2532 Reisigius
722 2443 811 2510 dicit:
844 2444 944 2520 „Eine
969 2441 1171 2530 Verbindung
1194 2441 1253 2508 des
1277 2442 1372 2507 tnta-

175 2560 235 2624 tivs
257 2570 331 2624 statt
353 2577 449 2644 quotu
480 2557 518 2621 ist
545 2557 575 2622 in
597 2535 702 2625 ciuem
727 2557 859 2624 solchen
889 2558 972 2622 Falle
996 2579 1075 2644 ganz
1099 2558 1276 2646 uuzul'a'ssig
1299 2557 1370 2640 (ubi

174 2673 411 2761 comparativus
433 2671 551 2756 abest),
584 2672 658 2738 weil
689 2671 742 2738 die
771 2673 1001 2762 Vergleiohung
1030 2657 1082 2739 bei
1113 2674 1217 2739 einem
1246 2672 1369 2739 Ablativ

173 2801 240 2857 erst
261 2787 417 2876 begriffeu
440 2787 572 2853 werden
597 2787 696 2864 laun,
726 2810 820 2854 wenu
845 2789 896 2855 die
919 2793 1050 2854 iussere
1076 2787 1299 2855 Construktiou
1321 2789 1368 2856 sie

171 2927 210 2971 zu
235 2904 398 2972 erkenneu
421 2903 504 2990 gibt;
542 2901 623 2968 aber
653 2902 713 2968 der
744 2902 851 2970 blosse
881 2904 995 2970 Positiv
1025 2891 1145 2970 bedarl
1173 2916 1239 2970 erst
1268 2904 1370 2971 selbst

172 3025 260 3089 eines
298 3025 451 3086 ausseren
490 3017 731 3083 Kennzeichens
766 3017 826 3085 der
862 3016 1194 3106 Vergleichung‘·.⁴⁹).
1255 3021 1367 3108 Neque

171 3138 230 3204 Vll.
254 3137 336 3213 l28,
361 3146 457 3222 quem
481 3132 586 3198 locum
611 3131 699 3198 Thilo
723 3133 764 3198 ad
793 3136 995 3201 omissionem
1028 3135 1234 3220 comparativi
1263 3137 1368 3221 mepte

170 3228 372 3340 probandam
395 3248 526 3336 allegat,
551 3247 705 3333 particula
728 3269 824 3335 quam
848 3249 949 3314 deest.

259 3365 335 3434 Phil.
366 3365 543 3452 Wagnerus
573 3362 692 3429 deinde
722 3363 963 3453 brachylogiam
990 3363 1111 3429 Graecis
1139 3363 1281 3450 inprimis
1305 3366 1367 3431 usi-

169 3494 266 3548 tatam
290 3479 447 3546 hocloco
472 3478 613 3544 invenire
638 3478 717 3554 vult,
747 3480 788 3543 ita
813 3490 846 3542 ut
864 3477 1042 3566 potioribus
1065 3479 1223 3545 deteriora
1246 3479 1365 3545 dictum

168 3598 207 3664 sit
231 3617 303 3682 pro:
327 3594 489 3660 deteriora
512 3613 608 3680 quam
633 3614 687 3671 ea,
711 3615 784 3682 quae
809 3598 949 3680 potiores
965 3595 999 3673 (i.
1016 3615 1043 3659 e.
1059 3592 1235 3682 digniores)
1247 3595 1365 3661 lovent.

168 3713 340 3797 Comparat
370 3707 522 3774 Herodoti
550 3709 656 3776 locum
687 3711 721 3775 ll.
753 3709 830 3774 tat:
866 3710 1030 3794 πυραμίδα
1059 3703 1224 3774 ἀπελίπετο
1247 3701 1366 3773 πολλὸν

165 3824 288 3893 ἐλάσσω
310 3825 370 3889 τοῦ
392 3818 531 3909 πατρός,
557 3825 573 3888 i.
588 3847 617 3892 e.
635 3823 774 3908 ἐκείνης,
797 3819 840 3908 ἢν
861 3820 1028 3890 ἀπελίπετο
1050 3819 1068 3889 ὁ
1091 3819 1196 3908 πατήρ
1207 3827 1263 3904 ⁵⁰).
1297 3824 1365 3888 Hac

183 4037 218 4108 ⁴⁸)
236 4054 261 4090 v.
279 4033 378 4089 Rhein.
396 4035 467 4090 Mus.
487 4039 530 4091 17.
549 4037 647 4106 Jahrg.
666 4036 693 4090 S.
712 4037 773 4092 387.
792 4067 826 4076 -
846 4037 882 4104 ⁴²)
900 4053 926 4091 v.
946 4035 1045 4089 Philol.
1065 4035 1117 4089 XX
1145 4035 1241 4104 Jahrg.
1260 4053 1279 4104 p
1302 4037 1363 4091 623.

235 4163 269 4172 —
289 4135 324 4198 ⁴³)
342 4149 369 4186 v.
387 4135 532 4203 proleg.p
562 4133 621 4188 XV.
642 4165 676 4174 -
696 4135 730 4202 ⁴⁹)
749 4150 776 4186 v.
795 4135 814 4189 1.
834 4152 859 4187 o.
877 4135 902 4205 ξ.
922 4137 974 4189 227
998 4137 1027 4186 et
1051 4134 1141 4186 Haase
1167 4131 1202 4184 ad
1219 4131 1296 4199 h.l.,
1316 4131 1363 4200 qui

234 4234 343 4298 monet,
367 4229 473 4284 rectius
497 4231 568 4298 dici,
593 4231 760 4299 particulam
785 4249 881 4300 quam
906 4249 957 4300 per
976 4249 1005 4284 ee
1024 4233 1112 4284 solam
1131 4231 1185 4283 iam
1204 4229 1363 4298 significare

234 4329 346 4398 magia
366 4346 482 4398 quam3
501 4329 642 4383 eominus
660 4329 788 4398 profecto
800 4329 895 4382 omitti
912 4333 1017 4396 potest,
1036 4359 1070 4368 -
1090 4329 1124 4399 ⁶⁰)
1142 4347 1168 4383 v.
1188 4327 1287 4380 Philol.
1301 4326 1319 4378 l.
1337 4343 1361 4381 c.

234 4460 268 4470 —
287 4427 410 4483 Similem
428 4426 637 4496 brachylogiam
656 4426 782 4480 Valerius
802 4425 939 4501 haberit.
960 4429 1027 4480 226:
1048 4430 1191 4495 „notaque
1208 4428 1290 4478 sonat
1308 4440 1362 4478 vox

234 4527 354 4596 coniuge
372 4527 499 4596 maior“,
517 4525 536 4580 i.
555 4544 580 4582 e.
599 4527 668 4579 nota
686 4540 754 4579 voce
773 4523 899 4592 coniugis
917 4522 1015 4588 maior.
