3054 5048
779 262 822 326 38

202 435 358 526 particula
390 435 608 513 adversativa,
638 447 672 502 ul
694 437 871 526 saepissime
896 436 948 512 fit,
979 435 1019 502 ad
1045 437 1106 502 vim
1131 436 1330 507 antitheseos
1354 459 1412 506 au*

201 552 339 645 gandam
364 552 479 620 omissa
504 550 615 637 estut).
645 559 647 566 ’

292 667 402 733 Paullo
428 678 500 754 post
521 667 618 736 lason
631 669 828 754 Argonautas
841 666 975 747 dubios,
1003 680 1106 737 utrum
1122 667 1277 740 Hercules
1292 667 1411 734 absens

203 781 423 870 opperiendus
445 783 500 858 sit,
524 803 564 847 an
581 781 822 870 relinquendus,
847 804 874 847 v.
888 782 952 846 623
972 803 1020 870 sq.
1033 783 1074 847 ita
1093 783 1281 870 alloquitur:
1304 803 1411 858 „oeu2

201 895 294 961 sulita
318 909 351 962 et
374 898 467 963 motis
489 919 547 963 seu
571 917 629 962 vos
652 897 701 963 via
724 895 852 962 flatibus
883 911 1010 985 urguet,
1046 900 1169 986 pergite
1200 910 1232 964 et
1262 899 1409 983 inceptos

203 1033 329 1078 meeum
354 1025 505 1081 revooate
530 1011 675 1090 labores,
706 1033 763 1078 seu
796 1011 905 1098 plures
937 1013 1075 1080 tolerare
1100 1035 1206 1079 moras
1229 1031 1404 1098 rursusque

201 1126 388 1216 quaesivisse
411 1129 490 1215 iugis
512 1128 648 1215 pretium
674 1126 759 1191 haud
783 1125 855 1193 leve
879 1131 1032 1214 temporis
1054 1130 1152 1198 acti“.
1189 1129 1292 1208 Quum
1311 1126 1405 1213 igitur

201 1239 342 1306 infinitivi
372 1242 507 1310 tolerare
545 1254 577 1308 et
607 1242 790 1332 quoesiuisse
820 1221 893 1308 niliil
925 1242 1080 1321 habeant,
1117 1246 1201 1311 unde
1232 1243 1405 1329 pendeant,

200 1355 371 1421 Burmanni
394 1358 591 1432 coniectura,
616 1358 668 1443 qui
689 1357 797 1444 plures
821 1358 951 1423 mutavit
975 1359 1138 1448 inpleris,
1161 1359 1204 1426 ob
1221 1356 1404 1424 facilitatem

202 1472 368 1561 probanda
394 1470 539 1549 videtur,
561 1474 602 1537 ita
627 1484 659 1536 ut
682 1481 728 1536 est
751 1473 901 1538 omissum
924 1475 978 1550 sit,
1010 1495 1105 1562 quam
1131 1474 1252 1560 ellipsin
1278 1471 1401 1538 Valerio

202 1589 232 1652 ln
258 1586 415 1657 formulis:
440 1587 487 1652 las
511 1601 572 1663 est,
601 1608 729 1678 aequum
754 1600 803 1653 est
826 1601 887 1654 etc.
912 1589 1054 1654 usitatam
1081 1611 1153 1655 esse
1176 1608 1273 1675 supra
1298 1599 1406 1651 osten-

201 1701 315 1768 dimus.
359 1703 428 1768 lam
454 1724 531 1768 vero
555 1724 609 1779 ea,
639 1723 713 1790 quae
742 1714 933 1790 sequuntur,
963 1704 1036 1769 mihi
1069 1704 1167 1769 multo
1190 1704 1346 1788 aptiorem
1370 1712 1404 1766 et

204 1819 305 1906 magis
329 1819 488 1904 poeticam
512 1819 700 1890 sententiam
726 1818 848 1883 relerre
873 1819 1033 1896 videntur,
1071 1820 1096 1884 si
1127 1817 1199 1884 haeo
1229 1817 1328 1882 verba
1360 1815 1403 1880 ita

203 1936 387 2030 componisr
416 1955 472 1999 seu
499 1955 556 1999 vos
581 1936 628 1998 via
652 1931 778 2000 llatibus
803 1927 932 2020 urguet,
970 1936 1093 2023 pergite
1125 1947 1157 1998 et
1190 1955 1314 1998 meeum
1341 1934 1406 2017 pri-

202 2071 276 2115 ores
299 2047 428 2117 labores
453 2063 619 2125 revocate,
651 2071 707 2116 seu
738 2050 836 2141 pluris
865 2065 913 2116 est
936 2069 1041 2116 moras
1066 2047 1203 2114 tolerare
1227 2067 1402 2138 rursusque

201 2163 281 2251 iugis
304 2164 507 2258 quaesivisse;
537 2165 597 2228 iarn
622 2164 737 2232 addas:
768 2175 911 2245 manete;
948 2179 981 2232 et
1011 2164 1129 2228 deinde
1157 2165 1252 2228 lason
1282 2165 1400 2251 pergit:

202 2281 339 2373 prelium
364 2281 518 2367 temporis
540 2279 602 2346 aoti
627 2277 710 2343 haud
737 2279 808 2345 leve
834 2291 891 2346 est.
939 2280 1045 2344 Altera
1078 2279 1160 2343 enim
1185 2279 1337 2364 epodosis
1360 2299 1401 2344 ex

202 2395 309 2483 priore
332 2394 424 2460 laoile
449 2394 642 2487 intelligitur,
666 2397 755 2461 cuius
778 2397 824 2461 rei
841 2395 1023 2482 exemplum
1047 2413 1240 2481 quamquam
1263 2414 1301 2458 ex
1319 2393 1405 2458 latini

200 2511 357 2576 sermonis
379 2509 589 2596 scriptoribus
614 2510 687 2580 milti
713 2533 774 2576 non
805 2523 923 2600 praesto
956 2523 1019 2588 est¹
1051 2523 1156 2574 tamen
1188 2532 1249 2572 non
1280 2506 1403 2582 dubito,

201 2627 275 2718 quin
301 2625 430 2690 inveniri
456 2627 564 2715 possit.
609 2627 713 2696 Graeoi
742 2627 855 2693 saltem
888 2639 995 2713 poetae
1019 2625 1151 2691 similem
1176 2624 1302 2688 dicendi
1328 2624 1403 2688 bre·

200 2742 328 2806 vitatem
352 2742 381 2804 in
407 2740 559 2825 particula
583 2743 643 2810 εἴτε
666 2744 878 2816 admiserunt,
908 2740 994 2807 velut
1017 2739 1184 2825 Euripides
1212 2741 1270 2803 lon
1298 2737 1400 2804 llam

199 2854 420 2939 „aauvopa'vuv
442 2848 503 2940 γὰρ
526 2857 554 2923 εἰ
575 2863 687 2922 θανεῖν
708 2851 792 2941 ἡμᾶς
813 2853 933 2952 χρεών,
962 2849 1055 2940 ἥδιον
1077 2846 1118 2919 ἂν
1139 2851 1311 2937 θάνοιμεν,
1336 2849 1397 2918 ἕνθ’

198 2965 279 3056 ὁρᾶν
302 2967 431 3054 φάοςίίς
455 2984 486 3037 ει
509 2973 687 3067 Sophocles
711 2973 793 3040 (led.
810 2975 845 3042 R.
863 2973 923 3040 al:
946 2973 974 3036 ei
994 2971 1094 3036 τῶνδε
1116 2966 1240 3062 χρῄζεις
1261 2973 1396 3062 πλησια-

203 3141 469 3152 -ι--ι-ο-ιι--ι

215 3237 250 3306 “)
269 3237 370 3304 Video,
397 3235 542 3292 Thilonem
569 3255 678 3315 quoque
703 3239 831 3298 codicum
856 3237 1025 3315 scripturam
1053 3235 1203 3288 defendere
1228 3236 1262 3303 (v.
1290 3235 1400 3304 proleg.

269 3353 287 3402 p
316 3334 388 3388 XVI.
409 3335 461 3403 sq.)
480 3336 529 3395 sed
548 3335 601 3402 ita,
622 3339 653 3387 ut
672 3353 705 3388 ex
724 3336 775 3404 iis,
794 3353 855 3404 quae
873 3334 1000 3403 proxime
1012 3334 1198 3401 antecedunt,
1217 3331 1253 3384 ad
1266 3332 1403 3386 vocabula

267 3448 344 3500 „neo
363 3448 464 3499 parvus
490 3431 597 3498 Hylas“
622 3433 753 3500 verbum,
782 3433 862 3501 quale
886 3437 930 3486 est
952 3437 1129 3500 moratur,
1156 3427 1315 3484 addendum
1338 3445 1400 3483 esee

267 3528 357 3596 diuet,
383 3528 458 3596 quod
481 3528 572 3580 minus
595 3534 704 3583 rectum
728 3535 807 3599 puto.
827 3529 959 3600 -Quod
982 3530 1017 3583 ad
1040 3530 1188 3598 partioulae
1212 3526 1397 3582 adversativae

267 3626 444 3679 omissionem
476 3626 593 3695 attinet,
623 3629 750 3696 exempla
772 3629 858 3681 habes
880 3627 1015 3696 plurima,
1038 3629 1115 3681 velut
1138 3627 1168 3680 in
1198 3625 1296 3679 eodem
1324 3625 1398 3680 libro

266 3742 291 3779 v.
310 3726 376 3778 363:
409 3723 474 3791 „bis
494 3723 608 3791 zephyri
634 3725 687 3780 iam
707 3727 769 3778 vela
793 3731 910 3792 vocant;
940 3723 1043 3778 fiducia
1068 3724 1182 3786 maestis
1201 3725 1277 3777 nulla
1295 3722 1400 3791 viria“;

266 3821 304 3878 ib.
323 3820 389 3878 384:
421 3839 495 3889 „neo
521 3821 549 3874 in
574 3825 687 3889 ventos,
720 3839 771 3874 neo
797 3822 825 3881 iu
853 3823 952 3880 ultima
971 3821 1103 3882 solvimur
1122 3840 1198 3890 ossa;
1229 3823 1272 3886 ira
1298 3825 1394 3885 manet

265 3917 403 3985 duratque
421 3917 538 3984 dolor“;
572 3919 609 3972 ib.
637 3923 689 3974 717
707 3925 785 3973 ante:
818 3919 898 3988 „fata
923 3920 1061 3978 trahant“
1087 3925 1116 3974 et
1139 3923 1191 3976 736
1209 3925 1289 3983 enter
1320 3919 1400 3988 „urit

264 4019 380 4083 am0r“;
399 4011 443 4068 IV.
463 4019 497 4069 74
516 4020 600 4070 aute:
620 4021 771 4083 „orantem
783 4018 882 4085 procul
896 4019 1014 4084 aroet“;
1032 4017 1060 4070 ib
1092 4021 1156 4073 1472
1176 4017 1312 4086 „nonhie
1327 4016 1400 4070 ullos

266 4112 426 4166 reverentia
444 4112 515 4164 ritus
535 4117 665 4180 pectora3
683 4130 759 4167 mors
777 4113 888 4167 habitat
906 4131 1058 4183 saevaeque
1077 4114 1130 4169 hoo
1149 4115 1234 4168 litore
1253 4117 1399 4183 pugnae“;

264 4213 296 4265 V.
317 4217 382 4267 aevi:
398 4227 520 4277 „meque
539 4226 591 4262 nee
610 4211 663 4262 lino
683 4228 763 4262 enses
783 4228 902 4279 araeque
922 4227 1004 4278 egere
1022 4217 1172 4282 paternae,
1190 4229 1242 4265 neo
1255 4212 1396 4264 tuaThea-

266 4307 357 4362 salicis
384 4324 548 4375 quamquam
573 4307 670 4360 inolita
697 4308 810 4360 nomina
835 4308 930 4376 terrim
956 4315 1058 4378 sponte
1082 4312 1220 4379 sequor“;
1251 4311 1308 4374 Vll.
1329 4315 1395 4372 darii

264 4406 399 4480 „totique
420 4422 567 4466 occurrere
587 4407 661 4464 bello
682 4406 740 4476 ipse
760 4406 854 4476 cupit3
876 4423 941 4476 spes
959 4408 1035 4468 nulla
1055 4407 1169 4468 datur“.
