3054 5048
711 243 753 306 ᾗ

129 445 264 512 pueque
286 423 351 494 sui,
374 423 400 485 si
423 419 573 506 quando,
595 419 627 482 in
650 431 800 502 tempore
821 415 958 502 pulcher
968 419 1104 506 conligi
1120 422 1334 513 flinyasuun.

129 561 230 628 quam
254 537 357 624 mag's
378 535 498 598 eminet
521 535 626 598 'mter‘
649 555 729 620 pro:
750 534 847 597 &ott
871 533 1054 616 precipue,
1081 533 1280 620 siquando,
1304 543 1334 606 j„

129 667 280 740 tempore
318 650 456 738 0οηίᾞί
490 649 539 714 sm'
574 647 727 736 polcber,
759 665 922 733 uuoqum
958 645 1058 732 magis
1093 648 1176 716 fimes
1213 655 1335 746 „pupas

130 772 262 835 eminet.

599 956 867 970 ———

709 1149 757 1214 tv.

545 1295 592 1358 De
613 1293 717 1379 ellipsi
737 1293 823 1356 rerbt'
844 1314 943 1358 csse.

221 1473 397 1559 Unicuique
427 1471 482 1558 qui
509 1469 613 1535 Valeri
646 1489 777 1533 carmen
814 1468 913 1533 modo
943 1471 1117 1555 inspexerit
1146 1495 1334 1566 paucosque

126 1611 244 1655 versus
267 1587 395 1675 legerit,
427 1587 458 1650 id
489 1585 595 1650 statim
626 1585 657 1647 in
688 1596 839 1669 promptu
863 1583 937 1658 erit,
966 1584 1123 1650 Valerium
1147 1588 1219 1674 plns
1240 1593 1334 1660 sclito

126 1703 254 1790 ellipsin
279 1701 369 1766 verbi
392 1722 461 1765 cese
482 1699 662 1764 admittere.
714 1696 854 1761 Omnino
884 1699 967 1763 cuim
992 1698 1055 1764 boc
1084 1702 1218 1768 verbum
1240 1709 1334 1774 omit-

124 1789 198 1884 tere
222 1817 320 1890 solet,
345 1815 399 1878 ubi
426 1836 488 1878 non
513 1813 697 1879 necessario
720 1812 906 1897 requiritur,
928 1813 969 1876 ita
986 1829 1017 1878 ut
1035 1814 1096 1881 bac
1114 1817 1144 1880 in
1161 1840 1196 1884 re
1212 1823 1333 1906 optime

81 1975 83 1982 ·
127 1955 203 1999 cum
227 1933 338 1996 Tacito
362 1929 544 2014 comparari
567 1929 677 2012 possit.
721 1927 801 1990 Nam
825 1942 946 2012 praeter
968 1931 1222 2016 coniugatiouem
1248 1938 1333 2020 peri-

127 2046 342 2134 phrasticam,
365 2063 439 2130 quae
461 2043 592 2115 dicitur,
623 2042 759 2107 verbum
782 2062 851 2106 csse
871 2041 1049 2126 saepissime
1073 2045 1237 2124 omittitur,
1277 2051 1331 2118 ubi

129 2183 205 2228 cum
238 2160 413 2232 adiecero,
453 2157 655 2243 pronomine,
690 2154 863 2231 adverbio,
898 2155 1097 2222 substantivo
1130 2164 1333 2232 coniunctum

129 2289 197 2345 est.
222 2291 320 2363 atque
344 2275 439 2340 etiam
471 2270 524 2335 ubi
548 2293 611 2336 uou
631 2271 774 2356 copulae,
804 2270 863 2334 sed
889 2269 979 2334 verbi
1001 2271 1203 2352 substantivi,
1245 2284 1332 2368 quod

130 2391 266 2478 proprie
289 2391 420 2464 dicitur,
458 2387 519 2451 vim
543 2385 658 2464 babet;
696 2406 803 2471 neque
827 2387 929 2451 tertiae
952 2397 1072 2452 tantum
1097 2409 1245 2474 persouae
1269 2396 1335 2462 lor·

131 2525 210 2578 mae,
234 2504 291 2569 sed
315 2503 427 2590 priruae
459 2515 491 2568 el
513 2498 667 2566 secundae
690 2520 822 2587 quoque
846 2513 878 2565 cl
901 2501 1060 2567 indicativi
1085 2517 1117 2568 et
1140 2508 1333 2576 coniunctivi

130 2623 247 2686 lormae
268 2622 388 2704 saepius
411 2619 539 2682 omissae
562 2627 643 2679 suut.

223 2733 316 2812 Quod
341 2747 406 2795 tum
432 2731 629 2817 potissimum
652 2725 721 2793 lieri
744 2729 844 2806 solet,
882 2752 979 2817 quum
1012 2733 1146 2800 allectus
1170 2751 1202 2802 et
1226 2739 1334 2808 lervor

130 2847 263 2936 quidam
286 2848 426 2912 sermoni
449 2844 576 2922 subest,
604 2863 706 2930 quare
736 2844 766 2909 iu
794 2846 1094 2934 interrogationibus
1117 2863 1149 2916 et
1173 2853 1333 2920 exclama-

132 2962 273 3029 tionibus
297 2961 474 3047 praesertim
499 2959 582 3024 banc
605 2957 727 3043 ellipsin
751 2958 928 3025 observare
952 2974 1045 3047 potes
1067 2977 1164 3052 atque
1186 2967 1224 3033 iis
1246 2967 1333 3048 locis,

132 3077 250 3166 quibus
276 3087 371 3162 poeta
396 3095 463 3139 rem
489 3074 539 3139 vel
563 3074 721 3139 actionem
745 3072 885 3160 aliquam
915 3073 1103 3142 describens
1126 3080 1333 3162 celeritatem,

132 3213 197 3279 qua
221 3189 333 3278 singuli
357 3203 447 3255 actus
470 3211 543 3256 sese
567 3201 759 3275 sequuntur,
784 3198 944 3275 tamquam
969 3189 1164 3280 depingere,
1198 3198 1247 3262 vel
1270 3199 1334 3264 siu·

132 3307 225 3396 gulas
248 3327 317 3380 res,
355 3325 429 3393 quae
452 3303 694 3377 describuntur,
731 3315 893 3391 tamquam
918 3327 980 3370 uno
1004 3318 1116 3372 tenore
1139 3309 1200 3376 sub
1223 3313 1333 3378 oculos

133 3433 262 3488 nostros
284 3417 434 3484 subicere
459 3420 533 3486 vult.
586 3419 683 3483 Poeta
709 3418 791 3482 enim
816 3420 934 3493 omnia,
968 3443 1041 3509 quae
1072 3422 1113 3488 ad
1144 3429 1332 3494 seutentiam

134 3532 379 3621 exprimendam
404 3555 466 3599 uou
491 3533 619 3599 omniuo
643 3535 824 3599 necessaria
848 3515 932 3611 sunl,
967 3538 1114 3603 omittens
1138 3539 1166 3602 id
1191 3543 1336 3630 assequi·

133 3630 201 3727 tui,
225 3665 259 3714 ut
282 3650 384 3714 oratio
407 3648 555 3714 omnibus
577 3650 827 3734 supervacaneis
851 3662 1012 3738 tamquam
1033 3652 1165 3720 abscisis
1180 3657 1333 3724 maiorem

134 3767 195 3829 vim
220 3777 253 3830 et
277 3763 346 3849 plus
370 3785 541 3829 nervorum
557 3767 703 3852 accipiat.
748 3765 897 3831 Ceterum
915 3765 945 3830 id
968 3767 1089 3830 moueri
1105 3783 1227 3854 potest,
1252 3770 1334 3840 bano

133 3879 337 3945 omissionem
353 3877 475 3943 Valerio
488 3883 624 3945 maxime
639 3882 785 3946 usitatam
801 3903 889 3955 esse,
914 3902 1011 3969 quum
1036 3881 1086 3946 vel
1111 3882 1236 3950 dativus
1260 3907 1334 3970 pev-

132 4013 240 4066 sonae,
265 3994 314 4056 cui
338 3991 456 4079 aliquid
480 3996 533 4071 sit,
558 3997 608 4062 vel
634 3995 817 4061 attributum
842 3997 891 4063 cui
916 3971 1025 4064 localis
1050 3999 1135 4062 notio
1156 3999 1253 4076 inest,
1280 3998 1333 4066 vbi

133 4108 254 4196 aliquid
278 4109 333 4184 sit,
356 4109 494 4175 additur.

223 4225 290 4288 lam
316 4223 463 4310 crentpla
496 4225 642 4290 nonnulla
667 4226 812 4302 allevant,
845 4226 928 4292 unde
958 4225 1058 4292 Valeri
1084 4227 1210 4294 dicandi
1235 4248 1335 4314 genus

133 4359 322 4426 cognoscas.

224 4451 364 4519 Allectus
387 4451 546 4540 loquentis
569 4455 757 4542 exprimitur
779 4457 828 4522 lll.
852 4457 915 4526 697
940 4479 991 4546 sq:
1016 4457 1112 4546 „quis
1137 4455 1245 4534 terris,
1275 4475 1335 4544 pro
