3054 5048
562 593 891 679 Vle.

657 821 693 832 ’.η-α
702 828 710 832 ..
715 827 770 834 —am
776 822 804 832 a..

127 1001 241 1108 Natus
270 1063 341 1107 sum
372 1041 557 1108 Matthias
581 1043 763 1108 Schmitz
795 1042 901 1106 ldiltus
927 1044 1041 1108 hlortiis
1065 1064 1092 1108 a.
1118 1044 1146 1108 lt.
1170 1067 1194 1110 s.
1218 1047 1330 1114 XLVll.

27 1157 29 1162 ’
127 1161 266 1234 invice,
306 1161 355 1223 cui
388 1179 502 1222 numen
536 1169 584 1222 est
617 1157 850 1243 Langerwehe.
884 1179 986 1242 prope
1013 1159 1234 1224 llarcodurum
1259 1163 1329 1233 sito,

128 1288 218 1362 patre
241 1279 410 1348 loanne,
444 1283 544 1336 matre
571 1273 695 1335 llario
722 1271 946 1336 Catharina
973 1287 1110 1360 egente
1136 1275 1326 1362 llcmpeu,

128 1411 222 1478 quam
250 1399 351 1458 morte
377 1386 449 1450 mihi
475 1398 619 1472 ereptam
646 1385 741 1450 ualde
764 1385 867 1472 lugeo.

216 1503 322 1569 Fidem
350 1499 502 1586 profiteor
526 1499 725 1566 catholicam.
773 1501 947 1565 literarum
971 1503 1150 1587 primordiis
1168 1506 1253 1572 domi
1273 1511 1330 1573 im·

32 1695 35 1708 ¹
128 1620 222 1685 butus
255 1619 390 1704 primum
423 1619 623 1706 gymnasium
665 1615 928 1680 llcrcoduranum
962 1629 992 1680 et
1026 1617 1142 1684 deinde
1176 1643 1234 1708 per
1266 1637 1331 1690 tres
1419 1599 1438 1629 l*

128 1755 228 1800 annos
260 1733 689 1822 gymnasiumllovesiense
720 1730 933 1816 frequentavi,
964 1731 1048 1796 undu
1073 1737 1259 1802 maturitatis
1283 1751 1331 1804 te·

127 1849 274 1914 stimonio
306 1848 442 1911 munitus
473 1867 501 1910 a.
531 1845 629 1912 LXIV.
661 1845 817 1910 demissus
847 1867 927 1910 sum.
980 1846 1097 1912 Studiis
1133 1849 1331 1940 philologieis

127 1983 261 2052 operam
293 1961 425 2026 daturus
459 1960 575 2026 eodem
609 1980 692 2025 anno
722 1959 761 2023 ad
795 1959 909 2024 almam
943 1961 1141 2027 Bonnenscm
1168 1965 1329 2032 literarum

127 2081 238 2146 sedem
257 2099 307 2144 me
323 2075 456 2151 contuli,
481 2075 534 2140 ubi
552 2096 610 2162 per
627 2075 691 2141 duo
710 2074 876 2140 semestria
892 2072 1009 2139 scholis
1023 2097 1071 2142 vv.
1088 2077 1140 2143 dd.
1155 2081 1331 2167 Hilgers,

128 2196 167 2262 Ο.
191 2193 304 2267 laha,
328 2189 647 2278 Kampschulte.
672 2188 1331 2268 Νο011000001,111100111,80111101-

128 2309 322 2382 schmidt,
362 2306 514 2374 Walter
544 2305 701 2393 simulque
732 2305 891 2370 seminarii
926 2303 1064 2371 historici
1097 2309 1331 2376 exercitationi·

128 2424 203 2500 bus,
228 2447 256 2491 v.
281 2423 310 2490 d.
336 2413 629 2508 Kampschultc
654 2421 830 2496 directore,
855 2419 989 2486 interlui.

216 2539 369 2627 Sequenti
401 2537 519 2602 deinde
551 2556 636 2600 anno
666 2535 768 2600 studio
803 2535 992 2624 philologica
1018 2537 1058 2602 ad
1085 2549 1211 2624 tempus
1236 2543 1328 2606 inter·

128 2657 269 2730 mittens,
294 2666 327 2718 ut
351 2653 380 2717 iu
404 2675 429 2718 s.
453 2651 625 2739 theologiae
639 2651 776 2716 studium
793 2650 1030 2728 incumberem,
1054 2651 1091 2718 cl.
1108 2651 1329 2740 theologorum

127 2769 288 2842 ordinem,
319 2767 371 2854 qui
396 2765 546 2855 lubingis
570 2763 679 2839 110101,
712 2779 831 2832 etune
857 2778 930 2854 post
954 2785 1038 2830 annu
1063 2767 1177 2832 almam
1205 2771 1330 2834 univer-

127 2885 250 2950 sitatem
275 2883 504 2948 lovaniensem
529 2881 601 2946 adii.
647 2881 763 2946 Studiis
788 2880 974 2968 theologicis
997 2881 1036 2945 ad
1062 2879 1155 2947 finem
1168 2885 1331 2972 perductis

128 3003 156 3064 in
180 2999 382 3064 seminarium
408 2997 596 3064 Coloniense
622 3007 772 3082 receptus
797 3008 828 3060 et
851 3015 879 3060 a.
905 2995 1004 3062 ttttx.
1036 3017 1052 3060 a
1079 2999 1330 3065 110101οι1101

128 3113 378 3199 Archiepiscopo
405 3112 527 3178 Paulo
553 3111 760 3178 hlelchers
783 3114 883 3176 sacris
905 3110 1072 3178 ordinibus
1100 3113 1236 3179 initiatus
1252 3137 1332 3180 sum.

216 3230 287 3307 Ouo
319 3229 403 3294 lactu
435 3227 538 3291 statim
568 3225 650 3290 hauc
675 3225 789 3290 almam
814 3225 1012 3291 academiam
1038 3228 1330 3302 llouasteriensem,

127 3355 160 3407 ut
184 3342 285 3410 studia
313 3341 503 3428 philologiua
530 3355 729 3427 repeterem,
764 3342 839 3426 petii
873 3352 904 3406 et
929 3361 987 3424 per
1011 3341 1151 3426 quinque
1176 3343 1331 3430 deinceps

126 3459 291 3538 semestrio
310 3457 465 3523 docentes
480 3456 585 3521 audivi
604 3477 652 3522 vv.
667 3455 720 3520 dd.
738 3457 913 3544 haugen,
939 3455 1131 3531 hiehucs,
1158 3458 1329 3533 Parmet,

127 3571 526 3660 llcspatt,Stoecltl,
550 3570 714 3646 Storch,
738 3569 984 3636 Winiewskl.

217 3687 373 3753 Omnibus
404 3688 451 3752 his
476 3687 548 3752 viris
579 3687 699 3770 optime
723 3685 764 3750 de
790 3707 841 3750 mc
867 3687 984 3750 meritis
1009 3691 1126 3774 gratias
1150 3707 1209 3774 ago
1235 3709 1330 3774 eruam

126 3804 279 3868 maximas
291 3824 486 3890 semperque
502 3815 625 3889 gratum
641 3802 778 3866 animum
795 3821 846 3864 me
863 3815 1062 3865 servaturum
1078 3821 1150 3867 esse
1167 3801 1332 3886 polliceor.

561 4077 875 4092 ..h—dnm.
