3054 5048
710 211 752 276 37
1134 193 1153 254 t

128 387 296 475 templis“;
334 386 376 453 ib.
407 385 485 452 435:
524 407 610 462 „nec
640 408 715 472 spes
745 387 806 452 ulla
835 394 965 473 super“.
1026 387 1094 451 Hoc
1134 388 1325 456 vocabulum

128 506 211 571 enim
235 515 396 590 tamquam
420 501 569 567 adiectivi
593 501 653 565 vim
677 503 845 588 accepisse
870 500 1007 578 videtur,
1031 502 1070 568 cl.
1093 504 1168 568 Aen.
1183 503 1232 570 lll.
1247 508 1325 573 489:

126 642 171 696 „o
195 618 269 683 mihi
291 616 359 684 sola
384 617 445 682 mei
468 639 566 704 super
590 617 789 707 Astyanactis
814 618 917 704 imago
927 626 960 694 ¹⁶,
996 619 1014 686 i.
1038 640 1067 685 e.
1090 632 1268 705 superstes,
1293 635 1326 689 et

127 735 284 801 Valerium
308 733 367 799 Vll.
389 733 470 799 ott:
500 753 586 811 „nec
610 733 779 821 quisquam
803 732 922 818 primus
946 733 1020 809 ruit,
1044 745 1098 798 aut
1121 757 1220 824 super
1244 736 1325 806 ullus

127 851 308 939 linquitur“.

710 1231 742 1293 V.

165 1375 211 1438 De
233 1372 390 1438 nonnullis
410 1371 486 1436 locis
510 1371 596 1437 breui
616 1371 664 1436 uel
685 1371 819 1458 obrupto
842 1370 988 1457 loquendi
1008 1393 1117 1457 ponere
1139 1375 1292 1445 obscuris,

216 1552 249 1614 ln
274 1548 356 1614 libro
373 1549 465 1614 tertio
480 1561 641 1626 narratur,
665 1547 767 1638 Hylan
783 1567 919 1634 puerum
934 1547 1061 1614 Herculi
1078 1549 1324 1633 dilectissimum,

128 1667 205 1734 dum
240 1686 370 1730 cervum
404 1683 422 1728 a
457 1664 581 1729 lunone
619 1665 804 1730 suscitatum*
838 1661 961 1728 avidius
999 1681 1264 1754 persequeretur,
1305 1693 1324 1736 a

130 1785 262 1872 Dryope
286 1777 428 1869 nympha
457 1792 604 1864 ereptum
636 1799 674 1845 ac
698 1779 811 1842 lrustra
844 1776 961 1845 deinde
985 1778 1027 1844 ab
1052 1783 1189 1850 Hercule
1212 1806 1325 1853 omnes

128 1897 222 1963 silvas
243 1894 407 1980 saltusque
432 1893 633 1980 perlustranti
657 1893 826 1981 quaesitum
850 1913 933 1960 esse.
982 1897 1051 1960 lam
1079 1911 1177 1983 poeta
1207 1921 1236 1965 v.
1259 1901 1323 1966 598

129 2013 169 2078 ad
195 2023 323 2079 ceteros
346 2012 542 2098 Argonautas
566 2009 708 2084 rediens,
740 2009 792 2096 qui
826 2009 856 2073 in
881 2008 970 2074 litore
995 2025 1215 2079 remanserant
1237 2037 1325 2104 aegro

129 2129 234 2194 animo
257 2126 425 2202 amborum
450 2126 585 2191 reditum
611 2135 832 2208 expectantes,
856 2124 896 2188 ita
922 2127 1041 2214 pergit:
1062 2133 1127 2204 „At
1148 2130 1243 2196 sociis
1267 2131 1324 2198 im-

129 2255 214 2308 muta
245 2239 343 2317 fides,
378 2242 557 2328 austrisque
586 2237 736 2304 secundis
766 2252 853 2304 certa
885 2261 974 2306 mora
1005 2253 1069 2319 est,
1109 2263 1169 2309 nec
1205 2265 1325 2334 parvus

130 2358 241 2449 Hylae,
266 2377 459 2443 quamquam
486 2353 631 2421 omuibus
655 2373 748 2441 aeque
764 2366 852 2442 grata
870 2354 1065 2434 rudimenta,
1089 2359 1249 2427 Herculeo
1265 2361 1325 2427 sub

129 2475 257 2540 nomine
287 2469 462 2557 pendent“.
516 2469 652 2535 Codices
684 2467 798 2532 nullam
830 2472 996 2556 scripturae
1025 2471 1211 2540 varietatem
1243 2497 1327 2565 prae-

130 2589 221 2663 bent,
243 2588 300 2651 nisi
324 2586 410 2672 quud
435 2589 464 2650 in
490 2586 638 2650 Vaticano
652 2585 810 2668 reperitur
833 2607 958 2652 moraes
981 2607 1040 2672 pro
1063 2609 1154 2653 moro
1171 2600 1226 2657 est.
1261 2591 1326 2656 uit-

129 2704 252 2771 ficultas
275 2715 381 2767 autem
406 2702 506 2787 posita
532 2699 633 2765 estin
657 2699 822 2764 vocabulis
844 2720 930 2775 „nec
952 2722 1070 2788 parvus
1087 2704 1227 2794 Hylas“‚
1252 2727 1326 2794 quae

131 2818 307 2909 praedicato
330 2831 450 2882 carent.
501 2817 708 2901 Quapropter
739 2813 789 2880 hic
819 2814 908 2881 locus
938 2837 956 2882 a
989 2818 1061 2884 viris
1092 2818 1195 2886 doctis
1224 2821 1327 2886 multis

131 2932 321 3003 coniecturis
344 2945 516 3017 temptatus
538 2943 602 3009 est,
640 2952 721 3019 quas
750 2929 878 3018 longum
902 2943 951 2997 est
973 2953 1183 3012 enumerare,
1222 2957 1328 3023 neque

132 3074 170 3119 ex
195 3049 357 3123 omnibus,
387 3067 460 3134 quae
485 3058 721 3132 proponuntur,
751 3044 813 3109 ulla
838 3057 901 3122 est,
937 3069 1011 3136 quae
1043 3049 1106 3116 ullo
1135 3049 1232 3117 modo
1262 3051 1327 3117 sul-

131 3166 229 3232 ficere
254 3163 361 3251 possit.
413 3159 567 3247 Equidem
600 3160 684 3226 hunc
716 3181 846 3250 quoquo
871 3162 975 3228 locum
1000 3165 1081 3231 inter
1105 3187 1162 3233 eos
1185 3188 1328 3243 numero,

132 3282 185 3371 qui
217 3277 378 3344 nonsatis
403 3275 561 3341 emendati
594 3297 611 3340 a
637 3275 759 3342 Valerio
785 3277 885 3342 relicti
907 3290 992 3355 sunt,
1016 3291 1049 3346 et
1069 3281 1169 3347 verba
1184 3281 1233 3346 illa
1248 3280 1329 3358 talia,

132 3395 237 3484 qualia
260 3404 345 3467 sunt,
377 3403 525 3476 epoetae
550 3413 643 3457 manu
666 3389 826 3458 ellluxisse
851 3403 937 3479 puto.
982 3395 1144 3462 Habemus
1168 3397 1329 3463 enimhoc

132 3511 205 3577 loco
235 3509 378 3595 speciem
409 3504 569 3592 quandam
600 3506 758 3574 solutioris
789 3509 868 3574 illius
897 3510 1024 3576 dicendi
1050 3511 1194 3588 rationis,
1234 3532 1329 3598 quam

133 3623 329 3715 grammatici
359 3620 574 3686 anacoluthon
605 3634 729 3688 vocant.
782 3624 858 3688 Nam
890 3623 953 3690 hoc
984 3624 1094 3692 dicere
1124 3626 1189 3690 vult
1217 3640 1330 3713 poeta:

134 3740 228 3807 sociis
252 3749 375 3805 certum
398 3736 454 3800 luit
477 3735 607 3801 ulterius
631 3738 747 3803 morari
772 3751 803 3802 et
826 3737 906 3804 fides
930 3739 1036 3805 adhuc
1058 3742 1201 3821 immota;
1225 3761 1330 3827 neque

135 3872 241 3921 tamen
266 3873 383 3940 parvus
407 3850 518 3940 Hylas,
547 3872 740 3939 quamquam
766 3855 912 3920 omnibus
935 3875 1029 3942 aeque
1053 3870 1160 3944 gratus
1184 3869 1245 3932 est,
1275 3876 1332 3920 eos

137 3973 251 4036 retinet
273 3967 330 4032 sed
357 3966 519 4031 Hercules.
566 3967 788 4035 lntercedente
812 3982 917 4036 autem
949 3974 1109 4037 enuntiato
1144 3972 1332 4038 concessivo

137 4097 231 4171 poeta
257 4082 417 4170 inceptam
441 4095 630 4146 structuram
656 4079 810 4150 deserens
834 4087 1044 4170 posteriorem
1069 4087 1235 4152 senteutiae
1259 4106 1333 4172 par-

138 4213 201 4265 tem
227 4198 325 4282 magis
350 4199 475 4283 poetice
500 4199 540 4262 ita
566 4198 739 4283 expressit,
770 4212 803 4262 ut
827 4201 970 4266 Herculis
993 4223 1121 4277 nomen,
1151 4199 1237 4288 quod
1262 4198 1338 4266 sub-

138 4315 209 4381 iecti
233 4313 339 4377 lucum
365 4313 510 4377 obtinere
536 4310 696 4387 debebat,
728 4326 846 4378 mutata
871 4318 1014 4382 oratione
1038 4318 1067 4382 iu
1092 4317 1154 4380 alio
1178 4336 1253 4381 casu
1279 4335 1338 4401 po·

138 4441 284 4504 neretur‚
308 4441 468 4514 tamquam
494 4427 713 4514 praecederet:
746 4449 806 4494 uec
829 4430 890 4494 sub
914 4452 1014 4516 parvo
1039 4432 1130 4522 Hyla.
1176 4433 1338 4497 Praeterea

1061 4539 1108 4602 3*
