<?xml version="1.0" encoding="UTF-8"?>
<!DOCTYPE html PUBLIC "-//W3C//DTD XHTML 1.0 Transitional//EN"
    "http://www.w3.org/TR/xhtml1/DTD/xhtml1-transitional.dtd">
<html xmlns="http://www.w3.org/1999/xhtml" xml:lang="en" lang="en">
 <head>
  <title>
</title>
<meta http-equiv="Content-Type" content="text/html;charset=utf-8" />
  <meta name='ocr-system' content='tesseract 3.04.00' />
  <meta name='ocr-capabilities' content='ocr_page ocr_carea ocr_par ocr_line ocrx_word'/>
</head>
<body>
  <div class='ocr_page' id='page_1' title='image "./devaleriflaccid00schmgoog_0038.png"; bbox 0 0 3054 5048; ppageno 0'>
   <div class='ocr_carea' id='block_1_1' title="bbox 705 243 747 310">
    <p class='ocr_par' dir='ltr' id='par_1_1' title="bbox 705 243 747 310">
     <span class='ocr_line' id='line_1_1' title="bbox 705 243 747 310; baseline 0.024 -1"><span class='ocrx_word' id='word_1_1' title='bbox 705 243 747 310; x_wconf 68' lang='lat'><strong>29</strong></span> 
     </span>
    </p>
   </div>
   <div class='ocr_carea' id='block_1_2' title="bbox 126 393 1333 1656">
    <p class='ocr_par' dir='ltr' id='par_1_2' title="bbox 126 393 1333 1656">
     <span class='ocr_line' id='line_1_2' title="bbox 126 393 1327 510; baseline -0.001 -24"><span class='ocrx_word' id='word_1_2' title='bbox 126 423 246 510; x_wconf 80' lang='lat' dir='ltr'><strong>virgine</strong></span> <span class='ocrx_word' id='word_1_3' title='bbox 279 427 430 508; x_wconf 84' lang='lat' dir='ltr'><strong>pugnae“.</strong></span> <span class='ocrx_word' id='word_1_4' title='bbox 459 455 500 470; x_wconf 86' lang='lat'><strong>-</strong></span> <span class='ocrx_word' id='word_1_5' title='bbox 530 419 565 484; x_wconf 92' lang='lat' dir='ltr'><strong>ll.</strong></span> <span class='ocrx_word' id='word_1_6' title='bbox 595 393 675 484; x_wconf 80' lang='lat'><strong>628&#39;:</strong></span> <span class='ocrx_word' id='word_1_7' title='bbox 710 420 835 495; x_wconf 91' lang='lat' dir='ltr'><strong>„rarior</strong></span> <span class='ocrx_word' id='word_1_8' title='bbox 864 420 937 487; x_wconf 86' lang='lat' dir='ltr'><strong>binc</strong></span> <span class='ocrx_word' id='word_1_9' title='bbox 969 419 1060 486; x_wconf 90' lang='lat' dir='ltr'><strong>tellus</strong></span> <span class='ocrx_word' id='word_1_10' title='bbox 1088 431 1184 506; x_wconf 90' lang='lat' dir='ltr'><strong>atque</strong></span> <span class='ocrx_word' id='word_1_11' title='bbox 1215 420 1327 508; x_wconf 81' lang='lat' dir='ltr'><strong>ingens</strong></span> 
     </span>
     <span class='ocr_line' id='line_1_3' title="bbox 126 533 1326 625; baseline -0.003 -21"><span class='ocrx_word' id='word_1_12' title='bbox 126 538 267 625; x_wconf 89' lang='lat' dir='ltr'><strong>undique</strong></span> <span class='ocrx_word' id='word_1_13' title='bbox 291 535 409 601; x_wconf 89' lang='lat' dir='ltr'><strong>coelum</strong></span> <span class='ocrx_word' id='word_1_14' title='bbox 434 555 543 600; x_wconf 86' lang='lat' dir='ltr'><strong>rursus</strong></span> <span class='ocrx_word' id='word_1_15' title='bbox 567 543 599 600; x_wconf 85' lang='lat' dir='ltr'><strong>ct</strong></span> <span class='ocrx_word' id='word_1_16' title='bbox 622 534 773 619; x_wconf 83' lang='lat' dir='ltr'><strong>incipiens</strong></span> <span class='ocrx_word' id='word_1_17' title='bbox 796 533 891 599; x_wconf 89' lang='lat' dir='ltr'><strong>aliurn</strong></span> <span class='ocrx_word' id='word_1_18' title='bbox 917 547 1109 622; x_wconf 87' lang='lat' dir='ltr'><strong>prospectus</strong></span> <span class='ocrx_word' id='word_1_19' title='bbox 1133 535 1162 600; x_wconf 89' lang='lat' dir='ltr'><strong>in</strong></span> <span class='ocrx_word' id='word_1_20' title='bbox 1178 535 1326 601; x_wconf 83' lang='lat' dir='ltr'><strong>orbem·‘.</strong></span> 
     </span>
     <span class='ocr_line' id='line_1_4' title="bbox 126 638 1328 738; baseline -0.002 -21"><span class='ocrx_word' id='word_1_21' title='bbox 126 689 170 701; x_wconf 90' lang='lat'><em>-</em></span> <span class='ocrx_word' id='word_1_22' title='bbox 193 654 242 717; x_wconf 90' lang='lat' dir='ltr'><strong>lll.</strong></span> <span class='ocrx_word' id='word_1_23' title='bbox 265 652 329 716; x_wconf 69' lang='grc'><strong>402</strong></span> <span class='ocrx_word' id='word_1_24' title='bbox 353 672 401 738; x_wconf 90' lang='lat' dir='ltr'><strong>sq.</strong></span> <span class='ocrx_word' id='word_1_25' title='bbox 425 650 545 714; x_wconf 80' lang='lat' dir='ltr'><strong>Tartari</strong></span> <span class='ocrx_word' id='word_1_26' title='bbox 568 638 816 738; x_wconf 87' lang='lat' dir='ltr'><strong>descriptionem</strong></span> <span class='ocrx_word' id='word_1_27' title='bbox 841 648 959 716; x_wconf 88' lang='lat' dir='ltr'><strong>babes:</strong></span> <span class='ocrx_word' id='word_1_28' title='bbox 990 662 1101 728; x_wconf 84' lang='lat' dir='ltr'><strong>„stant</strong></span> <span class='ocrx_word' id='word_1_29' title='bbox 1125 651 1328 716; x_wconf 80' lang='lat' dir='ltr'><strong>tacitaelron·</strong></span> 
     </span>
     <span class='ocr_line' id='line_1_5' title="bbox 127 764 1326 852; baseline -0.004 -20"><span class='ocrx_word' id='word_1_30' title='bbox 127 767 187 832; x_wconf 88' lang='lat' dir='ltr'><strong>des</strong></span> <span class='ocrx_word' id='word_1_31' title='bbox 216 767 411 851; x_wconf 84' lang='lat' dir='ltr'><strong>immotaque</strong></span> <span class='ocrx_word' id='word_1_32' title='bbox 441 764 519 830; x_wconf 89' lang='lat' dir='ltr'><strong>silva</strong></span> <span class='ocrx_word' id='word_1_33' title='bbox 551 767 687 830; x_wconf 84' lang='lat' dir='ltr'><strong>comanti</strong></span> <span class='ocrx_word' id='word_1_34' title='bbox 715 764 827 828; x_wconf 92' lang='lat' dir='ltr'><strong>horret</strong></span> <span class='ocrx_word' id='word_1_35' title='bbox 857 784 953 829; x_wconf 87' lang='lat' dir='ltr'><strong>verna</strong></span> <span class='ocrx_word' id='word_1_36' title='bbox 983 767 1075 852; x_wconf 83' lang='lat' dir='ltr'><strong>ingo;</strong></span> <span class='ocrx_word' id='word_1_37' title='bbox 1109 783 1227 850; x_wconf 90' lang='lat' dir='ltr'><strong>specus</strong></span> <span class='ocrx_word' id='word_1_38' title='bbox 1259 785 1326 827; x_wconf 89' lang='lat' dir='ltr'><strong>um-</strong></span> 
     </span>
     <span class='ocr_line' id='line_1_6' title="bbox 128 873 1325 967; baseline -0.003 -21"><span class='ocrx_word' id='word_1_39' title='bbox 128 882 326 967; x_wconf 90' lang='lat' dir='ltr'><strong>brarumque</strong></span> <span class='ocrx_word' id='word_1_40' title='bbox 359 893 482 944; x_wconf 90' lang='lat' dir='ltr'><strong>meatus</strong></span> <span class='ocrx_word' id='word_1_41' title='bbox 510 878 622 946; x_wconf 80' lang='lat' dir='ltr'>subter</span> <span class='ocrx_word' id='word_1_42' title='bbox 651 892 683 946; x_wconf 93' lang='lat' dir='ltr'><strong>et</strong></span> <span class='ocrx_word' id='word_1_43' title='bbox 714 879 837 944; x_wconf 84' lang='lat' dir='ltr'><strong>Oceani</strong></span> <span class='ocrx_word' id='word_1_44' title='bbox 870 873 1020 964; x_wconf 80' lang='lat' dir='ltr'><strong>praeceps</strong></span> <span class='ocrx_word' id='word_1_45' title='bbox 1044 880 1150 965; x_wconf 78' lang='lat' dir='ltr'><strong>fragor</strong></span> <span class='ocrx_word' id='word_1_46' title='bbox 1180 898 1325 965; x_wconf 90' lang='lat' dir='ltr'><strong>arvaque</strong></span> 
     </span>
     <span class='ocr_line' id='line_1_7' title="bbox 129 991 1328 1084; baseline 0.001 -23"><span class='ocrx_word' id='word_1_47' title='bbox 129 997 220 1084; x_wconf 80' lang='lat' dir='ltr'><strong>nigro</strong></span> <span class='ocrx_word' id='word_1_48' title='bbox 251 1007 338 1060; x_wconf 89' lang='lat' dir='ltr'><strong>vasta</strong></span> <span class='ocrx_word' id='word_1_49' title='bbox 371 1003 456 1059; x_wconf 90' lang='lat' dir='ltr'><strong>metu</strong></span> <span class='ocrx_word' id='word_1_50' title='bbox 488 1004 521 1058; x_wconf 86' lang='lat' dir='ltr'><strong>et</strong></span> <span class='ocrx_word' id='word_1_51' title='bbox 547 994 661 1059; x_wconf 87' lang='lat' dir='ltr'><strong>subitae</strong></span> <span class='ocrx_word' id='word_1_52' title='bbox 693 1007 766 1080; x_wconf 92' lang='lat' dir='ltr'><strong>post</strong></span> <span class='ocrx_word' id='word_1_53' title='bbox 794 994 887 1082; x_wconf 83' lang='lat' dir='ltr'><strong>longa</strong></span> <span class='ocrx_word' id='word_1_54' title='bbox 911 993 1034 1060; x_wconf 89' lang='lat' dir='ltr'><strong>silentia</strong></span> <span class='ocrx_word' id='word_1_55' title='bbox 1058 1000 1192 1060; x_wconf 87' lang='lat' dir='ltr'><strong>voces“.</strong></span> <span class='ocrx_word' id='word_1_56' title='bbox 1215 1029 1257 1042; x_wconf 90' lang='lat'>-</span> <span class='ocrx_word' id='word_1_57' title='bbox 1282 991 1328 1062; x_wconf 84' lang='lat' dir='ltr'><strong>lV.</strong></span> 
     </span>
     <span class='ocr_line' id='line_1_8' title="bbox 131 1106 1330 1199; baseline -0.003 -26"><span class='ocrx_word' id='word_1_58' title='bbox 131 1110 189 1175; x_wconf 90' lang='lat' dir='ltr'><strong>l8l</strong></span> <span class='ocrx_word' id='word_1_59' title='bbox 213 1131 261 1199; x_wconf 90' lang='lat' dir='ltr'><strong>sq.</strong></span> <span class='ocrx_word' id='word_1_60' title='bbox 293 1109 404 1199; x_wconf 77' lang='lat' dir='ltr'><strong>Amyci</strong></span> <span class='ocrx_word' id='word_1_61' title='bbox 418 1117 541 1172; x_wconf 91' lang='lat' dir='ltr'><strong>antrum</strong></span> <span class='ocrx_word' id='word_1_62' title='bbox 554 1108 762 1176; x_wconf 74' lang='lat' dir='ltr'><strong>describitur:</strong></span> <span class='ocrx_word' id='word_1_63' title='bbox 785 1120 844 1184; x_wconf 87' lang='lat' dir='ltr'><strong>„at</strong></span> <span class='ocrx_word' id='word_1_64' title='bbox 857 1109 932 1173; x_wconf 86' lang='lat' dir='ltr'><strong>varii</strong></span> <span class='ocrx_word' id='word_1_65' title='bbox 946 1129 1004 1195; x_wconf 91' lang='lat' dir='ltr'><strong>pro</strong></span> <span class='ocrx_word' id='word_1_66' title='bbox 1021 1130 1100 1196; x_wconf 91' lang='lat' dir='ltr'><strong>rupe</strong></span> <span class='ocrx_word' id='word_1_67' title='bbox 1113 1119 1232 1182; x_wconf 89' lang='lat' dir='ltr'><strong>metus,</strong></span> <span class='ocrx_word' id='word_1_68' title='bbox 1257 1106 1330 1171; x_wconf 91' lang='lat' dir='ltr'><strong>bino</strong></span> 
     </span>
     <span class='ocr_line' id='line_1_9' title="bbox 132 1220 1330 1313; baseline -0.002 -25"><span class='ocrx_word' id='word_1_69' title='bbox 132 1237 242 1290; x_wconf 89' lang='lat' dir='ltr'><strong>trunca</strong></span> <span class='ocrx_word' id='word_1_70' title='bbox 257 1224 365 1289; x_wconf 90' lang='lat' dir='ltr'><strong>rotatis</strong></span> <span class='ocrx_word' id='word_1_71' title='bbox 378 1220 529 1287; x_wconf 89' lang='lat' dir='ltr'><strong>bracchia</strong></span> <span class='ocrx_word' id='word_1_72' title='bbox 554 1236 645 1311; x_wconf 90' lang='lat' dir='ltr'><strong>rapta</strong></span> <span class='ocrx_word' id='word_1_73' title='bbox 669 1224 741 1288; x_wconf 90' lang='lat' dir='ltr'><strong>viris</strong></span> <span class='ocrx_word' id='word_1_74' title='bbox 764 1225 939 1310; x_wconf 83' lang='lat' dir='ltr'><strong>strictoque</strong></span> <span class='ocrx_word' id='word_1_75' title='bbox 963 1223 1131 1288; x_wconf 88' lang='lat' dir='ltr'><strong>immortua</strong></span> <span class='ocrx_word' id='word_1_76' title='bbox 1155 1233 1253 1288; x_wconf 85' lang='lat' dir='ltr'><strong>caestu</strong></span> <span class='ocrx_word' id='word_1_77' title='bbox 1277 1243 1330 1313; x_wconf 89' lang='lat' dir='ltr'><strong>os-</strong></span> 
     </span>
     <span class='ocr_line' id='line_1_10' title="bbox 130 1337 1331 1426; baseline -0.002 -22"><span class='ocrx_word' id='word_1_78' title='bbox 130 1359 233 1426; x_wconf 88' lang='lat' dir='ltr'><strong>saque</strong></span> <span class='ocrx_word' id='word_1_79' title='bbox 263 1349 353 1403; x_wconf 89' lang='lat' dir='ltr'><strong>taetra</strong></span> <span class='ocrx_word' id='word_1_80' title='bbox 382 1337 443 1409; x_wconf 89' lang='lat' dir='ltr'><strong>situ</strong></span> <span class='ocrx_word' id='word_1_81' title='bbox 472 1347 504 1401; x_wconf 90' lang='lat' dir='ltr'><strong>et</strong></span> <span class='ocrx_word' id='word_1_82' title='bbox 535 1339 674 1425; x_wconf 90' lang='lat' dir='ltr'><strong>capitum</strong></span> <span class='ocrx_word' id='word_1_83' title='bbox 714 1338 928 1404; x_wconf 90' lang='lat' dir='ltr'><strong>maestissimus</strong></span> <span class='ocrx_word' id='word_1_84' title='bbox 959 1338 1079 1403; x_wconf 86' lang='lat' dir='ltr'><strong>ordo“.</strong></span> <span class='ocrx_word' id='word_1_85' title='bbox 1108 1374 1150 1386; x_wconf 93' lang='lat'><em>-</em></span> <span class='ocrx_word' id='word_1_86' title='bbox 1182 1338 1218 1404; x_wconf 89' lang='lat' dir='ltr'><strong>ll.</strong></span> <span class='ocrx_word' id='word_1_87' title='bbox 1249 1337 1331 1402; x_wconf 85' lang='lat' dir='ltr'><strong>t75:</strong></span> 
     </span>
     <span class='ocr_line' id='line_1_11' title="bbox 132 1451 1332 1541; baseline -0.001 -23"><span class='ocrx_word' id='word_1_88' title='bbox 132 1453 315 1540; x_wconf 86' lang='lat' dir='ltr'><strong>„principio</strong></span> <span class='ocrx_word' id='word_1_89' title='bbox 339 1452 442 1518; x_wconf 89' lang='lat' dir='ltr'><strong>morbi</strong></span> <span class='ocrx_word' id='word_1_90' title='bbox 467 1451 617 1541; x_wconf 87' lang='lat' dir='ltr'><strong>coeloque</strong></span> <span class='ocrx_word' id='word_1_91' title='bbox 642 1464 754 1518; x_wconf 85' lang='lat' dir='ltr'><strong>exacta</strong></span> <span class='ocrx_word' id='word_1_92' title='bbox 778 1473 896 1518; x_wconf 91' lang='lat' dir='ltr'><strong>sereno</strong></span> <span class='ocrx_word' id='word_1_93' title='bbox 920 1453 1110 1537; x_wconf 86' lang='lat' dir='ltr'><strong>temperies;</strong></span> <span class='ocrx_word' id='word_1_94' title='bbox 1145 1473 1255 1518; x_wconf 90' lang='lat' dir='ltr'><strong>arsere</strong></span> <span class='ocrx_word' id='word_1_95' title='bbox 1280 1473 1332 1518; x_wconf 93' lang='lat' dir='ltr'><strong>ro·</strong></span> 
     </span>
     <span class='ocr_line' id='line_1_12' title="bbox 131 1563 1333 1656; baseline 0.001 -24"><span class='ocrx_word' id='word_1_96' title='bbox 131 1571 179 1656; x_wconf 81' lang='lat' dir='ltr'><strong>gis</strong></span> <span class='ocrx_word' id='word_1_97' title='bbox 202 1567 398 1634; x_wconf 83' lang='lat' dir='ltr'><strong>certantibus</strong></span> <span class='ocrx_word' id='word_1_98' title='bbox 421 1567 504 1656; x_wconf 83' lang='lat' dir='ltr'><strong>agri,</strong></span> <span class='ocrx_word' id='word_1_99' title='bbox 529 1588 601 1632; x_wconf 88' lang='lat' dir='ltr'><strong>cum</strong></span> <span class='ocrx_word' id='word_1_100' title='bbox 625 1566 747 1633; x_wconf 85' lang='lat' dir='ltr'><strong>subitus</strong></span> <span class='ocrx_word' id='word_1_101' title='bbox 770 1569 876 1654; x_wconf 82' lang='lat' dir='ltr'><strong>lragor</strong></span> <span class='ocrx_word' id='word_1_102' title='bbox 899 1579 932 1634; x_wconf 89' lang='lat' dir='ltr'><strong>et</strong></span> <span class='ocrx_word' id='word_1_103' title='bbox 953 1563 1067 1632; x_wconf 82' lang='lat' dir='ltr'><strong>[luctus</strong></span> <span class='ocrx_word' id='word_1_104' title='bbox 1091 1567 1176 1633; x_wconf 86' lang='lat' dir='ltr'><strong>ldaea</strong></span> <span class='ocrx_word' id='word_1_105' title='bbox 1200 1589 1333 1634; x_wconf 87' lang='lat' dir='ltr'><strong>moven-</strong></span> 
     </span>
    </p>
   </div>
   <div class='ocr_carea' id='block_1_3' title="bbox 75 1663 1518 1763">
    <p class='ocr_par' dir='ltr' id='par_1_3' title="bbox 75 1663 1518 1763">
     <span class='ocr_line' id='line_1_13' title="bbox 75 1663 1518 1763; baseline 0 -15"><span class='ocrx_word' id='word_1_106' title='bbox 75 1719 78 1726; x_wconf 93' lang='lat'>·</span> <span class='ocrx_word' id='word_1_107' title='bbox 132 1695 182 1748; x_wconf 93' lang='lat' dir='ltr'><strong>tes</strong></span> <span class='ocrx_word' id='word_1_108' title='bbox 206 1702 278 1747; x_wconf 88' lang='lat' dir='ltr'><strong>cum</strong></span> <span class='ocrx_word' id='word_1_109' title='bbox 302 1681 633 1763; x_wconf 86' lang='lat' dir='ltr'><strong>stabulisnemora“;</strong></span> <span class='ocrx_word' id='word_1_110' title='bbox 669 1683 708 1748; x_wconf 89' lang='lat' dir='ltr'><strong>cl.</strong></span> <span class='ocrx_word' id='word_1_111' title='bbox 741 1682 787 1749; x_wconf 91' lang='lat' dir='ltr'><strong>lV.</strong></span> <span class='ocrx_word' id='word_1_112' title='bbox 817 1684 896 1750; x_wconf 69' lang='lat'><strong>490:</strong></span> <span class='ocrx_word' id='word_1_113' title='bbox 932 1702 1032 1758; x_wconf 88' lang='lat' dir='ltr'><strong>„cum</strong></span> <span class='ocrx_word' id='word_1_114' title='bbox 1062 1681 1185 1748; x_wconf 88' lang='lat' dir='ltr'><strong>subitus</strong></span> <span class='ocrx_word' id='word_1_115' title='bbox 1214 1683 1332 1748; x_wconf 87' lang='lat' dir='ltr'><strong>misero</strong></span> <span class='ocrx_word' id='word_1_116' title='bbox 1431 1697 1433 1704; x_wconf 80' lang='grc'>’</span> <span class='ocrx_word' id='word_1_117' title='bbox 1517 1663 1518 1672; x_wconf 27' lang='lat'>¹</span> 
     </span>
    </p>
   </div>
   <div class='ocr_carea' id='block_1_4' title="bbox 71 1796 1349 4514">
    <p class='ocr_par' dir='ltr' id='par_1_4' title="bbox 71 1796 1344 3727">
     <span class='ocr_line' id='line_1_14' title="bbox 133 1796 1332 1884; baseline 0.001 -23"><span class='ocrx_word' id='word_1_118' title='bbox 133 1811 256 1863; x_wconf 88' lang='lat' dir='ltr'><strong>tremor</strong></span> <span class='ocrx_word' id='word_1_119' title='bbox 279 1808 311 1861; x_wconf 88' lang='lat' dir='ltr'><strong>et</strong></span> <span class='ocrx_word' id='word_1_120' title='bbox 334 1796 481 1883; x_wconf 90' lang='lat' dir='ltr'><strong>pallentia</strong></span> <span class='ocrx_word' id='word_1_121' title='bbox 506 1796 618 1881; x_wconf 84' lang='lat' dir='ltr'><strong>primae</strong></span> <span class='ocrx_word' id='word_1_122' title='bbox 642 1817 698 1862; x_wconf 90' lang='lat' dir='ltr'><strong>ora</strong></span> <span class='ocrx_word' id='word_1_123' title='bbox 721 1797 806 1863; x_wconf 88' lang='lat' dir='ltr'><strong>senis</strong></span> <span class='ocrx_word' id='word_1_124' title='bbox 829 1796 944 1884; x_wconf 85' lang='lat' dir='ltr'><strong>lugere</strong></span> <span class='ocrx_word' id='word_1_125' title='bbox 965 1803 1109 1863; x_wconf 81' lang='lat' dir='ltr'><strong>manus‘⁴.</strong></span> <span class='ocrx_word' id='word_1_126' title='bbox 1131 1834 1176 1844; x_wconf 93' lang='lat'><em>-</em></span> <span class='ocrx_word' id='word_1_127' title='bbox 1198 1799 1245 1864; x_wconf 90' lang='lat' dir='ltr'><strong>Vl.</strong></span> <span class='ocrx_word' id='word_1_128' title='bbox 1270 1797 1332 1864; x_wconf 75' lang='lat' dir='ltr'><strong>tet</strong></span> 
     </span>
     <span class='ocr_line' id='line_1_15' title="bbox 133 1910 1333 2000; baseline -0.003 -21"><span class='ocrx_word' id='word_1_129' title='bbox 133 1915 252 1980; x_wconf 90' lang='lat' dir='ltr'><strong>initium</strong></span> <span class='ocrx_word' id='word_1_130' title='bbox 284 1933 399 2000; x_wconf 83' lang='lat' dir='ltr'><strong>pugnae</strong></span> <span class='ocrx_word' id='word_1_131' title='bbox 430 1910 638 1978; x_wconf 88' lang='lat' dir='ltr'><strong>describitur:</strong></span> <span class='ocrx_word' id='word_1_132' title='bbox 676 1913 853 1988; x_wconf 88' lang='lat' dir='ltr'><strong>„continuo</strong></span> <span class='ocrx_word' id='word_1_133' title='bbox 878 1912 950 1977; x_wconf 90' lang='lat' dir='ltr'><strong>binc</strong></span> <span class='ocrx_word' id='word_1_134' title='bbox 977 1910 1083 1976; x_wconf 92' lang='lat' dir='ltr'><strong>obitus</strong></span> <span class='ocrx_word' id='word_1_135' title='bbox 1106 1912 1333 1999; x_wconf 86' lang='lat' dir='ltr'><strong>perfractaque</strong></span> 
     </span>
     <span class='ocr_line' id='line_1_16' title="bbox 134 2025 1334 2113; baseline -0.002 -19"><span class='ocrx_word' id='word_1_136' title='bbox 134 2027 280 2094; x_wconf 82' lang='lat' dir='ltr'><strong>caedibus</strong></span> <span class='ocrx_word' id='word_1_137' title='bbox 303 2047 390 2092; x_wconf 89' lang='lat' dir='ltr'><strong>arma</strong></span> <span class='ocrx_word' id='word_1_138' title='bbox 416 2045 634 2112; x_wconf 84' lang='lat' dir='ltr'><strong>corporaque,</strong></span> <span class='ocrx_word' id='word_1_139' title='bbox 670 2026 810 2092; x_wconf 89' lang='lat' dir='ltr'><strong>alternus</strong></span> <span class='ocrx_word' id='word_1_140' title='bbox 841 2047 937 2092; x_wconf 91' lang='lat' dir='ltr'><strong>cruor</strong></span> <span class='ocrx_word' id='word_1_141' title='bbox 967 2025 1334 2113; x_wconf 71' lang='lat' dir='ltr'><strong>alternaque&#39;ruinae“;</strong></span> 
     </span>
     <span class='ocr_line' id='line_1_17' title="bbox 134 2117 1335 2229; baseline -0.003 -19"><span class='ocrx_word' id='word_1_142' title='bbox 134 2135 257 2210; x_wconf 54' lang='lat' dir='ltr'><strong>olell.</strong></span> <span class='ocrx_word' id='word_1_143' title='bbox 282 2143 346 2208; x_wconf 86' lang='lat'><strong>268</strong></span> <span class='ocrx_word' id='word_1_144' title='bbox 371 2161 508 2229; x_wconf 84' lang='lat' dir='ltr'><strong>pugnam</strong></span> <span class='ocrx_word' id='word_1_145' title='bbox 533 2140 655 2205; x_wconf 87' lang='lat' dir='ltr'><strong>lasonis</strong></span> <span class='ocrx_word' id='word_1_146' title='bbox 686 2160 759 2206; x_wconf 94' lang='lat' dir='ltr'><strong>cum</strong></span> <span class='ocrx_word' id='word_1_147' title='bbox 784 2141 857 2206; x_wconf 91' lang='lat' dir='ltr'><strong>viris</strong></span> <span class='ocrx_word' id='word_1_148' title='bbox 877 2117 1022 2214; x_wconf 75' lang='lat' dir='ltr'><strong>armatis.</strong></span> <span class='ocrx_word' id='word_1_149' title='bbox 1051 2142 1105 2229; x_wconf 92' lang='lat' dir='ltr'><strong>qui</strong></span> <span class='ocrx_word' id='word_1_150' title='bbox 1137 2162 1154 2206; x_wconf 92' lang='lat' dir='ltr'><strong>e</strong></span> <span class='ocrx_word' id='word_1_151' title='bbox 1186 2138 1335 2206; x_wconf 86' lang='lat' dir='ltr'><strong>draconis</strong></span> 
     </span>
     <span class='ocr_line' id='line_1_18' title="bbox 134 2255 1337 2343; baseline -0.004 -19"><span class='ocrx_word' id='word_1_152' title='bbox 134 2257 285 2332; x_wconf 89' lang='lat' dir='ltr'><strong>dentibus</strong></span> <span class='ocrx_word' id='word_1_153' title='bbox 309 2271 497 2322; x_wconf 89' lang='lat' dir='ltr'><strong>nascuntur:</strong></span> <span class='ocrx_word' id='word_1_154' title='bbox 518 2276 618 2341; x_wconf 89' lang='lat' dir='ltr'><strong>„spes</strong></span> <span class='ocrx_word' id='word_1_155' title='bbox 640 2255 724 2320; x_wconf 91' lang='lat' dir='ltr'><strong>nulla</strong></span> <span class='ocrx_word' id='word_1_156' title='bbox 748 2255 857 2332; x_wconf 85' lang='lat' dir='ltr'><strong>datur,</strong></span> <span class='ocrx_word' id='word_1_157' title='bbox 880 2257 926 2322; x_wconf 90' lang='lat' dir='ltr'><strong>sic</strong></span> <span class='ocrx_word' id='word_1_158' title='bbox 949 2255 1090 2343; x_wconf 90' lang='lat' dir='ltr'><strong>undique</strong></span> <span class='ocrx_word' id='word_1_159' title='bbox 1113 2256 1248 2320; x_wconf 87' lang='lat' dir='ltr'><strong>densant</strong></span> <span class='ocrx_word' id='word_1_160' title='bbox 1268 2267 1337 2319; x_wconf 86' lang='lat' dir='ltr'><strong>ter-</strong></span> 
     </span>
     <span class='ocr_line' id='line_1_19' title="bbox 105 2368 1337 2459; baseline -0.005 -19"><span class='ocrx_word' id='word_1_161' title='bbox 105 2379 109 2384; x_wconf 84' lang='grc'><em>“</em></span> <span class='ocrx_word' id='word_1_162' title='bbox 136 2375 256 2459; x_wconf 84' lang='lat' dir='ltr'><strong>rigenae</strong></span> <span class='ocrx_word' id='word_1_163' title='bbox 280 2373 341 2436; x_wconf 88' lang='lat' dir='ltr'><strong>iam</strong></span> <span class='ocrx_word' id='word_1_164' title='bbox 365 2373 452 2458; x_wconf 84' lang='lat' dir='ltr'><strong>signa</strong></span> <span class='ocrx_word' id='word_1_165' title='bbox 478 2369 582 2446; x_wconf 91' lang='lat' dir='ltr'><strong>ducis,</strong></span> <span class='ocrx_word' id='word_1_166' title='bbox 606 2368 793 2456; x_wconf 92' lang='lat' dir='ltr'><strong>clamorque</strong></span> <span class='ocrx_word' id='word_1_167' title='bbox 817 2368 1008 2458; x_wconf 86' lang='lat' dir='ltr'><strong>tubaeqne“,</strong></span> <span class='ocrx_word' id='word_1_168' title='bbox 1031 2370 1085 2436; x_wconf 92' lang='lat' dir='ltr'><strong>ubi</strong></span> <span class='ocrx_word' id='word_1_169' title='bbox 1109 2370 1216 2436; x_wconf 90' lang='lat' dir='ltr'><strong>ultima</strong></span> <span class='ocrx_word' id='word_1_170' title='bbox 1238 2377 1337 2436; x_wconf 83' lang='lat' dir='ltr'><strong>voca-</strong></span> 
     </span>
     <span class='ocr_line' id='line_1_20' title="bbox 137 2481 1335 2573; baseline -0.003 -21"><span class='ocrx_word' id='word_1_171' title='bbox 137 2488 211 2552; x_wconf 88' lang='lat' dir='ltr'><strong>bula</strong></span> <span class='ocrx_word' id='word_1_172' title='bbox 235 2487 386 2552; x_wconf 88' lang='lat' dir='ltr'><strong>solutiore</strong></span> <span class='ocrx_word' id='word_1_173' title='bbox 411 2481 509 2548; x_wconf 93' lang='lat' dir='ltr'><strong>modo</strong></span> <span class='ocrx_word' id='word_1_174' title='bbox 532 2483 639 2549; x_wconf 90' lang='lat' dir='ltr'><strong>addita</strong></span> <span class='ocrx_word' id='word_1_175' title='bbox 663 2495 745 2549; x_wconf 91' lang='lat' dir='ltr'><strong>sunt.</strong></span> <span class='ocrx_word' id='word_1_176' title='bbox 790 2485 888 2550; x_wconf 87' lang='lat' dir='ltr'><strong>Poeta</strong></span> <span class='ocrx_word' id='word_1_177' title='bbox 913 2487 1009 2561; x_wconf 89' lang='lat' dir='ltr'><strong>enim,</strong></span> <span class='ocrx_word' id='word_1_178' title='bbox 1034 2507 1074 2552; x_wconf 89' lang='lat' dir='ltr'><strong>ne</strong></span> <span class='ocrx_word' id='word_1_179' title='bbox 1096 2507 1134 2551; x_wconf 89' lang='lat' dir='ltr'><strong>ea</strong></span> <span class='ocrx_word' id='word_1_180' title='bbox 1151 2505 1225 2573; x_wconf 84' lang='lat' dir='ltr'><strong>quae</strong></span> <span class='ocrx_word' id='word_1_181' title='bbox 1243 2485 1335 2551; x_wconf 92' lang='lat' dir='ltr'><strong>simul</strong></span> 
     </span>
     <span class='ocr_line' id='line_1_21' title="bbox 136 2593 1337 2685; baseline -0.003 -17"><span class='ocrx_word' id='word_1_182' title='bbox 136 2605 222 2668; x_wconf 90' lang='lat' dir='ltr'><strong>sacta</strong></span> <span class='ocrx_word' id='word_1_183' title='bbox 253 2613 325 2666; x_wconf 92' lang='lat' dir='ltr'><strong>sunt</strong></span> <span class='ocrx_word' id='word_1_184' title='bbox 354 2599 405 2670; x_wconf 87' lang='lat' dir='ltr'><strong>vel</strong></span> <span class='ocrx_word' id='word_1_185' title='bbox 442 2599 545 2664; x_wconf 90' lang='lat' dir='ltr'><strong>statim</strong></span> <span class='ocrx_word' id='word_1_186' title='bbox 576 2620 612 2664; x_wconf 90' lang='lat' dir='ltr'><strong>se</strong></span> <span class='ocrx_word' id='word_1_187' title='bbox 642 2600 834 2684; x_wconf 58' lang='lat' dir='ltr'><strong>excipiunt„</strong></span> <span class='ocrx_word' id='word_1_188' title='bbox 854 2599 1014 2685; x_wconf 88' lang='lat' dir='ltr'><strong>completa</strong></span> <span class='ocrx_word' id='word_1_189' title='bbox 1052 2599 1224 2678; x_wconf 84' lang='lat' dir='ltr'><strong>verborum</strong></span> <span class='ocrx_word' id='word_1_190' title='bbox 1253 2593 1337 2664; x_wconf 81' lang='lat' dir='ltr'><strong>seiie</strong></span> 
     </span>
     <span class='ocr_line' id='line_1_22' title="bbox 138 2689 1336 2801; baseline -0.003 -20"><span class='ocrx_word' id='word_1_191' title='bbox 138 2716 230 2782; x_wconf 89' lang='lat' dir='ltr'><strong>nimis</strong></span> <span class='ocrx_word' id='word_1_192' title='bbox 253 2715 482 2790; x_wconf 86' lang='lat' dir='ltr'><strong>distrahantur,</strong></span> <span class='ocrx_word' id='word_1_193' title='bbox 516 2713 654 2801; x_wconf 82' lang='lat' dir='ltr'><strong>singulas</strong></span> <span class='ocrx_word' id='word_1_194' title='bbox 682 2733 797 2800; x_wconf 78' lang='lat' dir='ltr'><strong>voces,</strong></span> <span class='ocrx_word' id='word_1_195' title='bbox 834 2689 949 2800; x_wconf 78' lang='lat' dir='ltr'><strong>quibus</strong></span> <span class='ocrx_word' id='word_1_196' title='bbox 979 2713 1099 2799; x_wconf 84' lang='lat' dir='ltr'><strong>singula</strong></span> <span class='ocrx_word' id='word_1_197' title='bbox 1133 2735 1248 2780; x_wconf 61' lang='lat' dir='ltr'><strong>rerumi</strong></span> <span class='ocrx_word' id='word_1_198' title='bbox 1269 2735 1336 2778; x_wconf 93' lang='lat' dir='ltr'><strong>mo·</strong></span> 
     </span>
     <span class='ocr_line' id='line_1_23' title="bbox 139 2828 1337 2914; baseline -0.003 -17"><span class='ocrx_word' id='word_1_199' title='bbox 139 2844 247 2897; x_wconf 86' lang='lat' dir='ltr'><strong>menta</strong></span> <span class='ocrx_word' id='word_1_200' title='bbox 272 2830 464 2907; x_wconf 87' lang='lat' dir='ltr'><strong>indicantur,</strong></span> <span class='ocrx_word' id='word_1_201' title='bbox 488 2840 649 2914; x_wconf 87' lang='lat' dir='ltr'><strong>tamquam</strong></span> <span class='ocrx_word' id='word_1_202' title='bbox 674 2828 828 2906; x_wconf 87' lang='lat' dir='ltr'><strong>cumulat,</strong></span> <span class='ocrx_word' id='word_1_203' title='bbox 854 2829 895 2894; x_wconf 90' lang='lat' dir='ltr'><strong>da</strong></span> <span class='ocrx_word' id='word_1_204' title='bbox 913 2828 995 2894; x_wconf 92' lang='lat' dir='ltr'><strong>insto</strong></span> <span class='ocrx_word' id='word_1_205' title='bbox 1011 2830 1236 2894; x_wconf 86' lang='lat' dir='ltr'><strong>sententiarum</strong></span> <span class='ocrx_word' id='word_1_206' title='bbox 1254 2849 1337 2893; x_wconf 85' lang='lat' dir='ltr'><strong>nexu</strong></span> 
     </span>
     <span class='ocr_line' id='line_1_24' title="bbox 71 2942 1340 3030; baseline -0.003 -18"><span class='ocrx_word' id='word_1_207' title='bbox 71 2989 74 2994; x_wconf 90' lang='lat'>·</span> <span class='ocrx_word' id='word_1_208' title='bbox 140 2943 432 3018; x_wconf 88' lang='lat' dir='ltr'><strong>minussollicitus,</strong></span> <span class='ocrx_word' id='word_1_209' title='bbox 468 2942 585 3009; x_wconf 89' lang='lat' dir='ltr'><strong>uthae</strong></span> <span class='ocrx_word' id='word_1_210' title='bbox 609 2943 968 3019; x_wconf 85' lang='lat' dir='ltr'><strong>rationeceleritatam,</strong></span> <span class='ocrx_word' id='word_1_211' title='bbox 1007 2963 1069 3030; x_wconf 90' lang='lat' dir='ltr'><strong>qua</strong></span> <span class='ocrx_word' id='word_1_212' title='bbox 1094 2963 1146 3010; x_wconf 90' lang='lat' dir='ltr'><strong>res</strong></span> <span class='ocrx_word' id='word_1_213' title='bbox 1170 2945 1238 3030; x_wconf 89' lang='lat' dir='ltr'><strong>ipse</strong></span> <span class='ocrx_word' id='word_1_214' title='bbox 1264 2944 1340 3028; x_wconf 85' lang='lat' dir='ltr'><strong>pr&#39;o·</strong></span> 
     </span>
     <span class='ocr_line' id='line_1_25' title="bbox 140 3057 1339 3146; baseline -0.003 -20"><span class='ocrx_word' id='word_1_215' title='bbox 140 3061 244 3134; x_wconf 89' lang='lat' dir='ltr'><strong>cedit,</strong></span> <span class='ocrx_word' id='word_1_216' title='bbox 267 3058 508 3146; x_wconf 89' lang='lat' dir='ltr'><strong>quodammodo</strong></span> <span class='ocrx_word' id='word_1_217' title='bbox 532 3060 680 3125; x_wconf 89' lang='lat' dir='ltr'><strong>imitetur.</strong></span> <span class='ocrx_word' id='word_1_218' title='bbox 725 3059 797 3137; x_wconf 89' lang='lat' dir='ltr'><strong>Quo</strong></span> <span class='ocrx_word' id='word_1_219' title='bbox 820 3057 870 3134; x_wconf 86' lang='lat' dir='ltr'><strong>fit,</strong></span> <span class='ocrx_word' id='word_1_220' title='bbox 903 3070 935 3122; x_wconf 89' lang='lat' dir='ltr'><strong>ut</strong></span> <span class='ocrx_word' id='word_1_221' title='bbox 959 3057 1116 3124; x_wconf 90' lang='lat' dir='ltr'><strong>interdum</strong></span> <span class='ocrx_word' id='word_1_222' title='bbox 1141 3059 1170 3123; x_wconf 94' lang='lat' dir='ltr'><strong>in</strong></span> <span class='ocrx_word' id='word_1_223' title='bbox 1195 3059 1339 3123; x_wconf 92' lang='lat' dir='ltr'><strong>oratione</strong></span> 
     </span>
     <span class='ocr_line' id='line_1_26' title="bbox 139 3164 1342 3261; baseline -0.003 -19"><span class='ocrx_word' id='word_1_224' title='bbox 139 3176 294 3242; x_wconf 89' lang='lat' dir='ltr'><strong>indirecta</strong></span> <span class='ocrx_word' id='word_1_225' title='bbox 319 3175 439 3261; x_wconf 85' lang='lat' dir='ltr'><strong>aliquot</strong></span> <span class='ocrx_word' id='word_1_226' title='bbox 463 3164 643 3239; x_wconf 83' lang='lat' dir='ltr'><strong>nominativi</strong></span> <span class='ocrx_word' id='word_1_227' title='bbox 665 3172 892 3261; x_wconf 82' lang='lat' dir='ltr'><strong>adiungantur,</strong></span> <span class='ocrx_word' id='word_1_228' title='bbox 916 3172 1342 3240; x_wconf 85' lang='lat' dir='ltr'><strong>licetsententiarumnexus</strong></span> 
     </span>
     <span class='ocr_line' id='line_1_27' title="bbox 141 3287 1341 3375; baseline -0.006 -16"><span class='ocrx_word' id='word_1_229' title='bbox 141 3292 358 3358; x_wconf 83' lang='lat' dir='ltr'><strong>accusativum</strong></span> <span class='ocrx_word' id='word_1_230' title='bbox 394 3310 501 3369; x_wconf 86' lang='lat' dir='ltr'><strong>casum</strong></span> <span class='ocrx_word' id='word_1_231' title='bbox 534 3289 684 3372; x_wconf 86' lang='lat' dir='ltr'><strong>postulet,</strong></span> <span class='ocrx_word' id='word_1_232' title='bbox 717 3300 750 3352; x_wconf 91' lang='lat' dir='ltr'><strong>ut</strong></span> <span class='ocrx_word' id='word_1_233' title='bbox 780 3289 828 3353; x_wconf 89' lang='grc' dir='ltr'><strong>ΙΙΙ.</strong></span> <span class='ocrx_word' id='word_1_234' title='bbox 859 3287 923 3352; x_wconf 85' lang='grc'><strong>576</strong></span> <span class='ocrx_word' id='word_1_235' title='bbox 952 3310 1015 3375; x_wconf 72' lang='lat' dir='ltr'><strong>sq..</strong></span> <span class='ocrx_word' id='word_1_236' title='bbox 1057 3308 1130 3374; x_wconf 80' lang='lat' dir='ltr'><strong>quae</strong></span> <span class='ocrx_word' id='word_1_237' title='bbox 1163 3307 1204 3352; x_wconf 84' lang='lat' dir='ltr'><strong>ex</strong></span> <span class='ocrx_word' id='word_1_238' title='bbox 1234 3300 1341 3352; x_wconf 88' lang='lat' dir='ltr'><strong>mente</strong></span> 
     </span>
     <span class='ocr_line' id='line_1_28' title="bbox 141 3400 1344 3492; baseline -0.008 -17"><span class='ocrx_word' id='word_1_239' title='bbox 141 3406 288 3476; x_wconf 86' lang='lat' dir='ltr'><strong>Herculis</strong></span> <span class='ocrx_word' id='word_1_240' title='bbox 311 3404 413 3492; x_wconf 85' lang='lat' dir='ltr'><strong>Hylan</strong></span> <span class='ocrx_word' id='word_1_241' title='bbox 438 3403 609 3490; x_wconf 85' lang='lat' dir='ltr'><strong>quaerentis</strong></span> <span class='ocrx_word' id='word_1_242' title='bbox 633 3403 716 3469; x_wconf 89' lang='lat' dir='ltr'><strong>dicta</strong></span> <span class='ocrx_word' id='word_1_243' title='bbox 741 3413 830 3467; x_wconf 86' lang='lat' dir='ltr'><strong>sunt:</strong></span> <span class='ocrx_word' id='word_1_244' title='bbox 868 3401 1028 3479; x_wconf 89' lang='lat' dir='ltr'><strong>„densam</strong></span> <span class='ocrx_word' id='word_1_245' title='bbox 1060 3403 1180 3468; x_wconf 88' lang='lat' dir='ltr'><strong>interea</strong></span> <span class='ocrx_word' id='word_1_246' title='bbox 1205 3400 1344 3466; x_wconf 89' lang='lat' dir='ltr'><strong>descen-</strong></span> 
     </span>
     <span class='ocr_line' id='line_1_29' title="bbox 143 3517 1344 3605; baseline -0.007 -17"><span class='ocrx_word' id='word_1_247' title='bbox 143 3523 223 3588; x_wconf 90' lang='lat' dir='ltr'><strong>dere</strong></span> <span class='ocrx_word' id='word_1_248' title='bbox 249 3531 375 3586; x_wconf 88' lang='lat' dir='ltr'><strong>noctem</strong></span> <span class='ocrx_word' id='word_1_249' title='bbox 400 3521 460 3582; x_wconf 90' lang='lat' dir='ltr'><strong>iam</strong></span> <span class='ocrx_word' id='word_1_250' title='bbox 486 3517 606 3582; x_wconf 89' lang='lat' dir='ltr'><strong>maiore</strong></span> <span class='ocrx_word' id='word_1_251' title='bbox 631 3530 735 3598; x_wconf 91' lang='lat' dir='ltr'><strong>metn;</strong></span> <span class='ocrx_word' id='word_1_252' title='bbox 773 3529 838 3581; x_wconf 91' lang='lat' dir='ltr'><strong>tum</strong></span> <span class='ocrx_word' id='word_1_253' title='bbox 872 3539 949 3584; x_wconf 91' lang='lat' dir='ltr'><strong>vero</strong></span> <span class='ocrx_word' id='word_1_254' title='bbox 981 3531 1014 3584; x_wconf 91' lang='lat' dir='ltr'><strong>et</strong></span> <span class='ocrx_word' id='word_1_255' title='bbox 1040 3519 1147 3605; x_wconf 84' lang='lat' dir='ltr'><strong>pallor</strong></span> <span class='ocrx_word' id='word_1_256' title='bbox 1177 3529 1208 3582; x_wconf 87' lang='lat' dir='ltr'><strong>et</strong></span> <span class='ocrx_word' id='word_1_257' title='bbox 1232 3535 1344 3583; x_wconf 89' lang='lat' dir='ltr'><strong>amens</strong></span> 
     </span>
     <span class='ocr_line' id='line_1_30' title="bbox 143 3631 622 3727; baseline -0.008 -25"><span class='ocrx_word' id='word_1_258' title='bbox 143 3657 216 3702; x_wconf 88' lang='lat' dir='ltr'><strong>cnm</strong></span> <span class='ocrx_word' id='word_1_259' title='bbox 243 3636 335 3727; x_wconf 85' lang='lat' dir='ltr'><strong>piceo</strong></span> <span class='ocrx_word' id='word_1_260' title='bbox 359 3631 478 3696; x_wconf 89' lang='lat' dir='ltr'><strong>sudore</strong></span> <span class='ocrx_word' id='word_1_261' title='bbox 504 3631 622 3718; x_wconf 81' lang='lat' dir='ltr'><strong>rigor¹‘.</strong></span> 
     </span>
    </p>

    <p class='ocr_par' dir='ltr' id='par_1_5' title="bbox 145 3733 1349 4514">
     <span class='ocr_line' id='line_1_31' title="bbox 233 3733 1345 3832; baseline -0.003 -18"><span class='ocrx_word' id='word_1_262' title='bbox 233 3748 329 3814; x_wconf 81' lang='lat' dir='ltr'><strong>Simili</strong></span> <span class='ocrx_word' id='word_1_263' title='bbox 359 3747 455 3812; x_wconf 89' lang='lat' dir='ltr'><strong>modo</strong></span> <span class='ocrx_word' id='word_1_264' title='bbox 488 3733 625 3810; x_wconf 88' lang='lat' dir='ltr'><strong>infinitivi</strong></span> <span class='ocrx_word' id='word_1_265' title='bbox 656 3744 795 3811; x_wconf 88' lang='lat' dir='ltr'><strong>historici</strong></span> <span class='ocrx_word' id='word_1_266' title='bbox 819 3745 859 3811; x_wconf 95' lang='lat' dir='ltr'><strong>ad</strong></span> <span class='ocrx_word' id='word_1_267' title='bbox 886 3747 1082 3814; x_wconf 86' lang='lat' dir='ltr'><strong>celeritatem</strong></span> <span class='ocrx_word' id='word_1_268' title='bbox 1107 3743 1345 3832; x_wconf 81' lang='lat' dir='ltr'><strong>depingendam</strong></span> 
     </span>
     <span class='ocr_line' id='line_1_32' title="bbox 145 3860 1343 3948; baseline -0.008 -18"><span class='ocrx_word' id='word_1_269' title='bbox 145 3863 347 3930; x_wconf 88' lang='lat' dir='ltr'><strong>cumulantur</strong></span> <span class='ocrx_word' id='word_1_270' title='bbox 371 3863 416 3926; x_wconf 86' lang='lat' dir='ltr'><strong>tv.</strong></span> <span class='ocrx_word' id='word_1_271' title='bbox 439 3861 497 3927; x_wconf 74' lang='lat' dir='ltr'><strong>ta:</strong></span> <span class='ocrx_word' id='word_1_272' title='bbox 527 3873 615 3938; x_wconf 81' lang='lat' dir='ltr'><strong>„tum</strong></span> <span class='ocrx_word' id='word_1_273' title='bbox 641 3860 794 3938; x_wconf 83' lang='lat' dir='ltr'><strong>lacrimis,</strong></span> <span class='ocrx_word' id='word_1_274' title='bbox 831 3873 895 3927; x_wconf 90' lang='lat' dir='ltr'><strong>tum</strong></span> <span class='ocrx_word' id='word_1_275' title='bbox 921 3882 1001 3928; x_wconf 88' lang='lat' dir='ltr'><strong>voce</strong></span> <span class='ocrx_word' id='word_1_276' title='bbox 1017 3862 1133 3948; x_wconf 85' lang='lat' dir='ltr'><strong>sequi,</strong></span> <span class='ocrx_word' id='word_1_277' title='bbox 1168 3872 1233 3924; x_wconf 92' lang='lat' dir='ltr'><strong>tum</strong></span> <span class='ocrx_word' id='word_1_278' title='bbox 1259 3880 1343 3922; x_wconf 88' lang='lat' dir='ltr'><strong>rum-</strong></span> 
     </span>
     <span class='ocr_line' id='line_1_33' title="bbox 146 3973 1346 4066; baseline -0.007 -22"><span class='ocrx_word' id='word_1_279' title='bbox 146 4001 226 4066; x_wconf 85' lang='lat' dir='ltr'><strong>pere</strong></span> <span class='ocrx_word' id='word_1_280' title='bbox 250 3987 406 4065; x_wconf 87' lang='lat' dir='ltr'><strong>quastus“</strong></span> <span class='ocrx_word' id='word_1_281' title='bbox 438 3990 470 4042; x_wconf 89' lang='lat' dir='ltr'><strong>et</strong></span> <span class='ocrx_word' id='word_1_282' title='bbox 494 3978 553 4040; x_wconf 93' lang='lat' dir='ltr'><strong>Vll.</strong></span> <span class='ocrx_word' id='word_1_283' title='bbox 576 3975 657 4040; x_wconf 79' lang='lat' dir='ltr'><strong>ott:</strong></span> <span class='ocrx_word' id='word_1_284' title='bbox 686 3974 857 4050; x_wconf 87' lang='lat' dir='ltr'><strong>„bellatrix</strong></span> <span class='ocrx_word' id='word_1_285' title='bbox 882 3990 957 4042; x_wconf 88' lang='lat' dir='ltr'><strong>tuno</strong></span> <span class='ocrx_word' id='word_1_286' title='bbox 981 3975 1074 4064; x_wconf 80' lang='lat' dir='ltr'><strong>gleba</strong></span> <span class='ocrx_word' id='word_1_287' title='bbox 1099 3985 1186 4062; x_wconf 80' lang='lat' dir='ltr'><strong>quati</strong></span> <span class='ocrx_word' id='word_1_288' title='bbox 1211 3973 1346 4058; x_wconf 85' lang='lat' dir='ltr'><strong>pariter-</strong></span> 
     </span>
     <span class='ocr_line' id='line_1_34' title="bbox 146 4087 1347 4182; baseline -0.006 -22"><span class='ocrx_word' id='word_1_289' title='bbox 146 4117 211 4182; x_wconf 89' lang='lat' dir='ltr'><strong>que</strong></span> <span class='ocrx_word' id='word_1_290' title='bbox 255 4093 358 4158; x_wconf 85' lang='lat' dir='ltr'><strong>creari</strong></span> <span class='ocrx_word' id='word_1_291' title='bbox 407 4093 589 4178; x_wconf 89' lang='lat' dir='ltr'><strong>armarique</strong></span> <span class='ocrx_word' id='word_1_292' title='bbox 629 4087 766 4174; x_wconf 86' lang='lat' dir='ltr'><strong>phalanx</strong></span> <span class='ocrx_word' id='word_1_293' title='bbox 806 4092 944 4178; x_wconf 90' lang='lat' dir='ltr'><strong>totisque</strong></span> <span class='ocrx_word' id='word_1_294' title='bbox 985 4091 1149 4178; x_wconf 78' lang='lat' dir='ltr'><strong>insurgere</strong></span> <span class='ocrx_word' id='word_1_295' title='bbox 1189 4089 1347 4172; x_wconf 87' lang='lat' dir='ltr'><strong>campis“.</strong></span> 
     </span>
     <span class='ocr_line' id='line_1_35' title="bbox 148 4201 1348 4295; baseline -0.006 -20"><span class='ocrx_word' id='word_1_296' title='bbox 148 4213 337 4295; x_wconf 78' lang='lat' dir='ltr'><strong>Utrumque,</strong></span> <span class='ocrx_word' id='word_1_297' title='bbox 370 4220 401 4270; x_wconf 89' lang='lat' dir='ltr'><strong>et</strong></span> <span class='ocrx_word' id='word_1_298' title='bbox 425 4207 649 4271; x_wconf 89' lang='lat' dir='ltr'><strong>nominativum</strong></span> <span class='ocrx_word' id='word_1_299' title='bbox 675 4220 707 4272; x_wconf 89' lang='lat' dir='ltr'><strong>et</strong></span> <span class='ocrx_word' id='word_1_300' title='bbox 731 4204 929 4281; x_wconf 88' lang='lat' dir='ltr'><strong>infinitivum,</strong></span> <span class='ocrx_word' id='word_1_301' title='bbox 962 4207 1164 4270; x_wconf 87' lang='lat' dir='ltr'><strong>coniunctum</strong></span> <span class='ocrx_word' id='word_1_302' title='bbox 1190 4201 1292 4268; x_wconf 84' lang='lat' dir='ltr'><strong>babes</strong></span> <span class='ocrx_word' id='word_1_303' title='bbox 1313 4201 1348 4268; x_wconf 83' lang='lat' dir='ltr'><strong>ll.</strong></span> 
     </span>
     <span class='ocr_line' id='line_1_36' title="bbox 147 4317 1349 4410; baseline -0.008 -21"><span class='ocrx_word' id='word_1_304' title='bbox 147 4325 211 4389; x_wconf 70' lang='lat'><strong>524</strong></span> <span class='ocrx_word' id='word_1_305' title='bbox 237 4345 299 4410; x_wconf 88' lang='lat' dir='ltr'><strong>sq,</strong></span> <span class='ocrx_word' id='word_1_306' title='bbox 336 4320 388 4386; x_wconf 92' lang='lat' dir='ltr'><strong>ubi</strong></span> <span class='ocrx_word' id='word_1_307' title='bbox 422 4342 527 4408; x_wconf 82' lang='lat' dir='ltr'><strong>pugna</strong></span> <span class='ocrx_word' id='word_1_308' title='bbox 558 4320 701 4386; x_wconf 88' lang='lat' dir='ltr'><strong>Herculis</strong></span> <span class='ocrx_word' id='word_1_309' title='bbox 734 4341 805 4385; x_wconf 90' lang='lat' dir='ltr'><strong>cum</strong></span> <span class='ocrx_word' id='word_1_310' title='bbox 830 4319 925 4385; x_wconf 90' lang='lat' dir='ltr'><strong>belua</strong></span> <span class='ocrx_word' id='word_1_311' title='bbox 951 4320 1070 4384; x_wconf 89' lang='lat' dir='ltr'><strong>marina</strong></span> <span class='ocrx_word' id='word_1_312' title='bbox 1095 4317 1189 4382; x_wconf 89' lang='lat' dir='ltr'><strong>filiam</strong></span> <span class='ocrx_word' id='word_1_313' title='bbox 1215 4318 1349 4380; x_wconf 86' lang='lat' dir='ltr'><strong>Laome-</strong></span> 
     </span>
     <span class='ocr_line' id='line_1_37' title="bbox 147 4418 1349 4514; baseline -0.007 -10"><span class='ocrx_word' id='word_1_314' title='bbox 147 4439 252 4505; x_wconf 89' lang='lat' dir='ltr'><strong>dontis</strong></span> <span class='ocrx_word' id='word_1_315' title='bbox 275 4418 468 4503; x_wconf 88' lang='lat' dir='ltr'><strong>devoratura</strong></span> <span class='ocrx_word' id='word_1_316' title='bbox 493 4435 700 4502; x_wconf 87' lang='lat' dir='ltr'><strong>describitur:</strong></span> <span class='ocrx_word' id='word_1_317' title='bbox 737 4435 822 4514; x_wconf 82' lang='lat' dir='ltr'><strong>„iam</strong></span> <span class='ocrx_word' id='word_1_318' title='bbox 853 4434 961 4501; x_wconf 90' lang='lat' dir='ltr'><strong>brevis</strong></span> <span class='ocrx_word' id='word_1_319' title='bbox 990 4445 1023 4499; x_wconf 90' lang='lat' dir='ltr'><strong>et</strong></span> <span class='ocrx_word' id='word_1_320' title='bbox 1053 4432 1116 4500; x_wconf 92' lang='lat' dir='ltr'><strong>telo</strong></span> <span class='ocrx_word' id='word_1_321' title='bbox 1140 4432 1261 4500; x_wconf 89' lang='lat' dir='ltr'><strong>volucri</strong></span> <span class='ocrx_word' id='word_1_322' title='bbox 1285 4451 1349 4497; x_wconf 90' lang='lat' dir='ltr'><strong>non</strong></span> 
     </span>
    </p>
   </div>
   <div class='ocr_carea' id='block_1_5' title="bbox 0 0 1559 5048">
    <p class='ocr_par' dir='ltr' id='par_1_6' title="bbox 0 0 1559 5048">
     <span class='ocr_line' id='line_1_38' title="bbox 0 0 1559 5048; baseline 0 0"><span class='ocrx_word' id='word_1_323' title='bbox 0 0 1559 5048; x_wconf 95' lang='lat' dir='ltr'><strong> </strong></span> 
     </span>
    </p>
   </div>
  </div>
 </body>
</html>
