3054 5048
113 433 116 441 ’
195 443 264 507 Non
294 438 416 504 minore
448 437 605 505 brevitate
638 441 779 506 Valerius
802 464 877 507 usns
901 454 949 507 est
972 443 1002 505 in
1027 435 1308 528 praepositionibus

39 627 40 632 ,
109 569 181 624 unte
204 565 346 642 etpost,
385 551 437 621 ubi
472 555 625 639 temporis
655 568 850 622 momentum
885 555 1097 632 indicaturus,
1135 565 1308 640 antequam

84 673 157 768 ‘vel
183 682 352 758 postquam
376 668 494 754 aliquid
520 669 636 733 lactum
662 682 722 746 est,
748 671 992 760 praepositiones
1015 669 1082 736 illas
1104 647 1312 741 substantivo,

110 788 158 854 cui
182 783 368 871 temporalis
392 783 477 848 notio
502 804 565 847 non
588 781 712 860 subest,
750 784 891 873 adiungit
912 786 1081 872 participio
1105 805 1167 849 non
1192 781 1312 847 addito.

110 904 179 981 Qua
204 900 246 966 de
271 919 306 964 re
328 899 361 964 P.
386 899 512 985 Langen
538 897 567 961 in
591 901 861 965 commentatione
885 921 942 967 sua
965 900 1007 966 de
1031 922 1090 966 usu
1109 897 1311 987 praepositio-

36 1013 37 1062 ἒ
110 1037 184 1082 num
208 1013 420 1079 Tertulliaueo
443 1012 594 1098 inscripta
618 1027 770 1080 accurate
793 1015 980 1101 disputavit,
1003 1016 1091 1082 cuius
1116 1011 1216 1079 verba
1238 1009 1311 1076 haec

111 1129 252 1214 sunt:⁵²)
277 1126 396 1206 „Quod
419 1126 597 1212 saepissime
621 1127 707 1213 apud
733 1150 845 1195 omnes
867 1130 1042 1215 scriptores
1065 1127 1198 1213 reperiri
1220 1123 1312 1199 solet,
1385 1177 1392 1188 .

35 1227 36 1232 ἵ
111 1258 184 1312 onte
205 1243 272 1322 (vel
292 1248 382 1330 post)
405 1241 667 1328 praepositionem
692 1263 764 1309 esse
788 1245 989 1310 coniunctam
1015 1264 1087 1310 cum
1113 1240 1311 1308 substantivo

33 1431 34 1448 Σ
112 1378 238 1448 tempus
262 1357 312 1424 vel
341 1357 501 1422 actionem
534 1370 623 1423 certo
656 1359 809 1443 temporis
842 1370 1004 1424 momento
1037 1358 1086 1422 vel
1115 1353 1231 1421 factam
1261 1352 1311 1419 vel

112 1477 248 1542 suturam
273 1473 437 1549 indicanti,
461 1487 495 1538 ut
518 1482 591 1538 unte
612 1483 760 1548 mortem,
784 1483 857 1539 ante
878 1473 1055 1554 merciliem,
1079 1472 1110 1537 id
1126 1467 1311 1536 translatum

112 1590 257 1655 videmus
280 1589 321 1654 ad
345 1588 405 1654 alia
429 1609 560 1676 quoque
583 1587 780 1654 substantiva
804 1589 861 1664 ita,
893 1589 1011 1654 utiam
1034 1587 1102 1654 sola
1127 1583 1312 1673 praepositio

112 1705 249 1791 tempori
281 1703 421 1770 notando
452 1701 681 1769 adhibeatur“.
740 1703 963 1790 Quapropter,
1002 1715 1036 1768 ut
1072 1702 1157 1768 idem
1195 1709 1313 1774 monet,

113 1821 163 1886 vel
190 1818 388 1909 participium
414 1829 521 1884 mente
544 1815 729 1882 addendum
759 1831 820 1895 est,
853 1818 903 1883 vel
935 1819 1030 1884 etiam
1062 1829 1128 1884 tota
1157 1815 1314 1883 sententia

30 1929 31 1940 ’
112 1945 284 2022 antequam
305 1932 372 2017 (vel
393 1938 577 2020 postquam)
601 1933 824 1999 coniunctione
848 1932 1066 2019 praecedente.

153 2127 156 2132 ¹
202 2051 246 2114 Ex
271 2048 334 2115 hoc
357 2045 623 2134 igiturloquendi
654 2068 775 2132 genere
807 2048 1047 2132 interpretanda
1078 2059 1150 2113 suut
1174 2045 1233 2112 Vll.
1258 2043 1314 2108 ll:

28 2199 29 2208 τ
114 2189 202 2246 „non
235 2164 306 2230 haec
338 2161 411 2227 mihi
444 2175 533 2227 certe
566 2184 627 2227 nox
660 2173 729 2227 erat
757 2173 831 2226 ante
862 2175 946 2237 tuos,
983 2163 1105 2228 iuvenis
1135 2159 1314 2232 fortissime,

115 2282 257 2355 vultus“‚
297 2281 315 2346 i.
346 2299 374 2342 e.
404 2289 576 2364 antequam
608 2276 710 2341 vultus
739 2289 809 2341 tuos
840 2278 1096 2362 conspexissem
1136 2288 1168 2341 et
1199 2275 1232 2340 V.
1256 2273 1317 2338 77:

115 2396 225 2472 „illurn
249 2391 442 2472 (Bacchum)
466 2406 539 2478 post
561 2393 649 2457 acies
673 2391 827 2477 rubrique
851 2393 1020 2457 novissima
1044 2391 1181 2456 claustra
1205 2409 1318 2475 aequo-

115 2513 158 2578 ris
189 2510 241 2576 hic
272 2506 397 2574 resides
427 2505 546 2571 thiasos
578 2517 663 2572 etc.“
689 2507 705 2570 i.
730 2527 760 2570 e.
783 2517 953 2593 postquam
985 2506 1153 2572 novissima
1178 2502 1318 2591 aequoris

116 2626 204 2693 rubri
228 2623 366 2690 claustra
390 2621 491 2706 (mare
517 2622 673 2702 indicum)
701 2621 799 2709 attigit
829 2633 862 2686 et
890 2634 1052 2690 extremos
1076 2619 1215 2686 Orientis
1238 2616 1319 2682 fines

117 2739 308 2830 peragravit.

206 2853 303 2919 Simili
327 2850 484 2917 brevitate
509 2853 695 2938 praepositio
721 2873 780 2940 per
809 2864 936 2938 tempus
967 2850 1127 2926 indicans,
1163 2850 1239 2915 dum
1263 2847 1320 2912 ali·

116 2969 193 3058 quid
220 2967 269 3042 fit,
306 2967 447 3032 adhibita
481 2976 529 3031 est
560 2965 632 3032 Vlll.
661 2967 698 3032 8:
735 2967 948 3053 „crinemque
973 2987 1137 3054 genasque
1161 2974 1235 3028 ante
1259 2983 1320 3047 ρετ

117 3084 236 3172 antiqui
262 3073 380 3167 carpsit
405 3080 533 3168 vestigia
558 3081 700 3158 somni“‚
737 3082 754 3146 i.
787 3103 815 3148 ε.
844 3081 920 3147 dum
949 3086 1113 3168 antiquum
1137 3078 1211 3144 illud
1235 3098 1323 3142 som-

118 3201 204 3265 nium
229 3199 258 3261 in
284 3209 422 3261 mentem
448 3209 593 3270 revocat,
618 3195 670 3260 ubi
694 3195 949 3280 Weichertus⁵³)
964 3196 1042 3261 falso
1062 3195 1322 3283 praepositionem

114 3338 175 3404 ρετ
198 3313 283 3380 idern
307 3307 486 3398 significare
511 3309 592 3386 vult,
616 3310 847 3398 quodpropter
865 3311 913 3376 vel
930 3332 1038 3399 graece
1056 3307 1126 3386 aab
1151 3309 1190 3374 cl.
1203 3309 1224 3373 l.
1242 3308 1323 3372 tt3:

121 3445 201 3506 „tua
225 3425 485 3514 por-suspiria‘·;
522 3426 567 3490 Vl.
591 3399 657 3492 35;χ
687 3425 784 3513 „quis
807 3425 907 3491 fretus
930 3430 1021 3513 equis
1045 3447 1103 3511 per
1128 3423 1212 3490 bella
1237 3423 1324 3487 viris-

16 3589 17 3640 3
121 3551 211 3632 que“
236 3542 309 3606 i.·e.
333 3541 362 3606 in
388 3540 480 3607 bellis
502 3541 670 3627 gerendis;
693 3539 736 3607 ib.
759 3541 840 3605 755:
865 3591 881 3615 ,‚
891 3552 925 3604 ut
950 3541 1017 3606 lera
1042 3537 1175 3629 Nyctelii
1194 3536 1324 3624 paulum

15 3668 17 3734 J
122 3681 185 3747 per
209 3675 301 3724 sacra
326 3656 475 3721 resistunt
499 3655 661 3746 Thyiades
672 3663 689 3689 “
714 3656 732 3721 i.
755 3677 783 3720 e.
806 3655 837 3719 in
860 3655 960 3720 sacris
984 3652 1198 3748 celebrandis.

211 3771 399 3859 Praepositio
422 3774 456 3836 in
480 3770 620 3856 denique
644 3768 781 3834 ablativa
806 3790 865 3855 per
887 3791 923 3835 se
945 3769 1046 3834 solam
1070 3789 1160 3853 saepe
1185 3787 1252 3832 rern
1280 3766 1327 3830 in-

123 3891 226 3964 dicat,
250 3905 313 3974 qua
337 3887 407 3974 quis
431 3885 559 3949 indutus
584 3883 632 3950 vel
648 3884 863 3950 circumdatus
888 3898 952 3961 est,
977 3884 1063 3949 velut
1078 3885 1123 3949 lV.
1138 3884 1198 3948 Ὧι
1221 3899 1327 3959 „ecce

15 4081 16 4086 ἵ
123 4025 208 4093 puer
231 4021 353 4068 summa
385 4022 421 4066 se
452 3999 565 4065 tollere
598 3999 682 4062 visus
705 3997 747 4063 ab
772 3999 856 4062 unde
873 3999 1040 4066 frondibus
1058 3997 1088 4064 iu
1102 3998 1248 4074 croceis
1266 3998 1284 4062 i.
1300 4017 1330 4062 e.

113 4118 293 4188 ,frondibus
309 4115 434 4182 croceis
447 4112 628 4190 redimitus;
652 4113 688 4178 ll.
704 4112 781 4178 t7t:
805 4164 822 4192 ,‚
832 4114 889 4179 has
902 4115 984 4181 inter
997 4113 1119 4181 medias
1133 4115 1283 4202 Dryopes
1296 4112 1329 4174 in

126 4285 395 4303 ψ,-

143 4385 179 4454 ⁶⁷l
198 4401 225 4437 v.
246 4381 281 4434 de
299 4397 351 4433 usu
369 4396 466 4448 praep.
484 4377 574 4446 Tert.‚
592 4377 759 4432 Monaslerii
777 4379 859 4450 1868,
876 4379 898 4434 I.
917 4395 982 4450 pag.
1001 4380 1019 4432 8
1037 4395 1078 4448 sq.
1097 4380 1129 4432 et
1147 4377 1190 4431 13.

144 4483 180 4552 ll)
199 4499 226 4536 v·
245 4479 394 4532 comment.
415 4476 445 4532 in
462 4475 566 4530 librum
584 4475 657 4532 vm.
