3054 5048
54 674 62 724 '¹'
140 663 247 797 Quum
278 689 384 756 Valeri
412 687 516 754 lluooi
545 685 767 774 aeguum
792 687 974 752 manuus
997 707 1130 770 opem
1150 687 1325 761 (ludusa.

138 803 160 867 id
180 806 252 870 mibi
277 824 468 892 persuasum
492 813 577 872 erat.
608 801 635 865 si
659 801 690 864 iu
713 821 779 886 quo
801 800 880 874 ulio,
913 801 944 864 in
965 801 1092 866 Valerio
1115 815 1218 866 arten
1240 803 1326 868 uiti-

46 979 49 994 ,
136 941 192 986 carn
215 942 288 986 cum
313 919 451 983 maxima
474 917 623 982 cautione
646 915 863 980 erasmum
885 917 1081 1002 n'nimque
1105 917 1327 982 maudiut}-

45 997 48 1060 l
134 1037 208 1101 diurn
231 1055 329 1124 quam
353 1031 492 1096 maxime
516 1031 756 1115 reprimendo
779 1051 870 1104 csse.
896 1043 995 1117 atque
1019 1031 1049 1095 id
1078 1031 1241 1116 duplicent
1264 1053 1326 1119 po-

133 1147 277 1216 tissimum
300 1145 345 1214 ob
369 1164 512 1212 causam.
556 1145 695 1208 Primum
718 1145 822 1218 enin,
859 1145 934 1209 licet
956 1159 1093 1232 questio
1116 1147 1183 1222 illa,
1218 1161 1325 1212 utrum

36 1335 38 1346 ,
132 1279 262 1351 quatuor
292 1263 362 1327 iere
395 1259 483 1332 libri,
518 1261 572 1346 qui
609 1261 742 1326 amini
772 1259 939 1324 laler'noo
974 1261 1105 1332 demt.
1141 1273 1324 1348 tempotum

131 1380 235 1446 iniuria
268 1375 437 1464 perierint.
467 1394 508 1438 an
539 1375 681 1440 Velenus
708 1387 813 1440 mone
842 1374 1042 1460 prepeditus
1074 1375 1127 1450 sit,
1157 1379 1327 1463 quominus

30 1489 32 1550 ἶ
129 1516 190 1559 rem
215 1491 276 1557 sibi
301 1491 500 1577 propositam
522 1489 564 1554 ad
577 1487 673 1554 linem
686 1489 883 1576 perduceret
896 1525 939 1538 -
953 1489 984 1552 id
1008 1487 1095 1575 quod
1119 1491 1219 1558 multo
1242 1495 1326 1559 veri-

128 1609 253 1673 similius
266 1619 315 1672 est
328 1609 401 1683 Ι)’-
412 1603 456 1668 ob
470 1605 721 1669 testimoniorum
739 1605 879 1690 inopiam
893 1617 985 1670 certo
998 1605 1166 1671 diiudicari
1177 1623 1330 1694 nequent,

128 1739 231 1788 tamen
256 1721 321 1786 boc
344 1719 555 1785 certissimum
579 1731 644 1788 est.
667 1733 743 1785 octo
766 1719 880 1794 libros.
903 1719 958 1806 qui
981 1733 1167 1804 supersunt,
1198 1723 1327 1791 minime

126 1839 166 1902 ita
191 1835 356 1922 periectos
378 1854 418 1900 ac
442 1834 619 1920 perpolitus
642 1855 729 1908 esse,
752 1847 786 1897 ut
808 1855 872 1898 non
895 1833 993 1898 inulta
1016 1833 1047 1898 in
1070 1835 1108 1900 iis
1128 1835 1329 1905 inveniantur

127 1949 337 2040 negligentius
363 1947 466 2023 dicta,
503 1947 533 2011 in
562 1950 679 2036 quibus
716 1950 761 2015 (le
793 1949 943 2014 codicum
979 1949 1164 2034 corruptela
1195 1953 1328 2040 cogitari

126 2089 188 2132 non
212 2073 334 2154 potest,
356 2083 497 2151 quaeque
521 2063 681 2134 Valerius.
702 2066 728 2130 si
751 2084 882 2130 carmen
905 2085 998 2128 suum
1014 2077 1234 2142 retractasset,
1257 2069 1327 2135 sine

125 2180 226 2246 dubio
251 2178 481 2244 emendaturus
502 2179 623 2244 luisset.
667 2181 861 2267 inquorum
884 2199 1018 2245 numero
1042 2179 1149 2246 babeo
1173 2200 1228 2254 tm.
1252 2203 1327 2271 quae

126 2298 174 2362 ΙΙΙ.
204 2295 270 2360 598
295 2315 342 2379 sq.
375 2293 539 2381 leguntur,
574 2315 672 2380 quem
702 2295 826 2370 locum,
862 2307 897 2358 ut
924 2293 999 2358 mibi
1030 2295 1160 2382 quidem
1192 2295 1326 2374 videtur,

126 2413 240 2478 frustra
266 2409 458 2475 coniecturis
480 2411 733 2494 temptaueris2).

213 2525 321 2590 Altera
346 2545 441 2588 causa
466 2527 496 2586 in
518 2525 666 2611 singulari
684 2524 812 2590 dicendi
829 2525 964 2598 ratione,
988 2543 1051 2613 qna
1070 2524 1210 2592 Valerius
1224 2529 1328 2606 utitur,

128 2644 229 2728 posita
256 2652 313 2707 est.
366 2641 443 2703 b'ani
476 2651 509 2702 et
540 2641 631 2704 nimis
653 2638 758 2704 audax
782 2653 832 2704 est
855 2639 885 2703 in
909 2637 1083 2703 verborum
1107 2641 1328 2722 collocatione,

128 2771 160 2823 et
184 2755 277 2820 nimis
300 2753 391 2819 brevi
416 2767 449 2817 et
471 2752 611 2840 abrupto
636 2753 787 2841 loquendi
811 2754 920 2841 generi
944 2774 1033 2840 saepe
1057 2755 1179 2828 studet,
1202 2777 1267 2842 quo
1286 2755 1328 2836 lit,

127 2885 160 2936 nt
183 2869 340 2935 sententia
365 2889 591 2955 nonnunquam
616 2870 752 2932 manime
777 2867 972 2966 obscuritate
996 2868 1139 2944 laboret,
1176 2869 1229 2936 ubi
1266 2893 1328 2938 non

128 2985 370 3062 emendatione,
398 2983 456 3050 sed
487 2996 576 3048 recte
608 2983 822 3068 explicatione
853 3004 935 3068 opus
957 2997 1022 3058 est,
1054 2983 1140 3049 velut
1164 2985 1185 3050 l.
1208 2985 1329 3070 50t³);

22 3156 27 3187 ἰ
128 3103 177 3166 ιιι.
200 3099 311 3182 640⁴).

217 3214 323 3291 Quum
349 3213 441 3301 igitur
464 3213 590 3278 inanimi
622 3212 773 3278 runrnenti
797 3213 849 3285 sit,
886 3211 988 3278 Valeri
1017 3211 1145 3279 dicendi
1175 3215 1330 3280 rationem

17 3397 18 3408 p
128 3331 257 3417 penitus
280 3347 494 3414 cognoscere,
533 3327 700 3392 nonnullas
729 3326 938 3412 quaestiones,
978 3347 1052 3414 quae
1082 3327 1123 3392 ed
1157 3327 1329 3395 verborum

127 3444 374 3510 collocationem
389 3443 474 3508 etad
496 3442 623 3508 dicendi
638 3441 828 3508 brevitatem
854 3443 1050 3527 potissimum
1074 3455 1237 3528 spectent,
1262 3446 1332 3532 qui-

129 3560 255 3650 busque
281 3559 364 3624 vires
387 3568 505 3622 nostrae
528 3551 679 3624 sulficere
703 3545 906 3633 videbantur,
935 3556 1118 3622 tractandas
1140 3555 1232 3624 nobis
1257 3579 1331 3646 pro-

128 3671 466 3762 posuimussconb'si,
496 3671 590 3736 etiam
623 3671 788 3738 levissimis
821 3671 920 3738 rebus
951 3669 991 3735 ad
1017 3667 1143 3755 plenum
1168 3673 1333 3760 scriptoris

128 3788 343 3874 cognitionem
368 3785 485 3872 aliquid
511 3785 650 3851 utilitatis
673 3788 788 3854 inesse.
842 3785 965 3866 Quodsi
989 3784 1064 3873 quid
1090 3783 1119 3850 in
1145 3808 1208 3854 nno
1232 3801 1264 3854 et
1287 3787 1332 3854 ul·

129 3915 200 3966 tero
224 3901 297 3965 loco
322 3901 439 3966 rectius
467 3899 658 3985 explicando
690 3899 896 3986 profecimus,
927 3899 1058 3967 abunde
1088 3902 1210 3985 praemii
1240 3901 1333 3970 nobis

128 4014 319 4102 percepisse
342 4013 533 4080 videbimur.

169 4227 187 4295 ¹)
205 4223 326 4278 Uberius
346 4224 417 4290 hanc
437 4240 496 4276 rem
517 4227 623 4276 tractet
641 4223 722 4277 Thilo
740 4223 850 4294 proleg.
869 4241 934 4294 pag.
953 4221 1042 4278 XXVI
1061 4239 1102 4290 sq.
1122 4253 1155 4263 -
1176 4223 1197 4293 ²)
1215 4241 1240 4277 v.
1261 4221 1335 4280 infru

218 4337 283 4390 pag.
300 4323 349 4388 373
369 4321 406 4374 cf.
424 4335 488 4388 pag.
506 4321 549 4373 31.
567 4349 601 4358 —
621 4320 642 4390 ³)
660 4335 686 4373 v.
705 4335 770 4390 pag.
791 4323 839 4388 ttt;
864 4321 901 4378 cl.
920 4335 986 4390 pag.
1005 4323 1048 4374 tu.
1068 4345 1101 4358 -
1121 4319 1143 4389 ⁴)
1162 4337 1187 4376 v.
1206 4337 1270 4390 pag·
1289 4321 1333 4381 tt.

578 4479 894 4489 Ἣ

987 4892 1242 5019 ,Γ
