3054 5048
725 260 767 325 39

552 379 570 418 o

143 437 268 523 ζόντων
289 433 415 516 κλύειν,
439 432 561 519 ἕτοιμος
583 437 696 516 εἰπεῖν,
719 437 779 501 εἴτε
795 434 847 500 καὶ
867 437 998 518 στείχειν
1015 432 1169 518 i'om“.⁴⁶)
1200 433 1347 499 Extrema

143 569 251 620 autem
277 552 377 618 verba
401 572 441 616 eo
466 551 581 626 modo,
615 565 647 615 ut
670 571 767 638 supra
792 549 870 627 dixi,
902 551 1063 636 aptissime
1087 549 1128 614 ab
1152 549 1269 616 iasone
1293 548 1348 613 ad·

145 671 276 744 duntur,
301 667 354 756 qui
378 666 447 753 ipse
471 665 616 732 Herculis
639 665 853 732 fortitudinem
878 666 981 753 magui
1013 666 1172 732 aestirnaus
1195 683 1235 730 eo
1259 662 1347 728 incli-

145 783 258 859 nabat,
283 793 316 847 ut
340 781 475 847 reditum
500 782 568 846 eius
583 781 698 846 diutius
722 791 962 866 exspectarent,
986 782 1136 868 omnique
1159 777 1256 844 modo
1280 799 1349 844 mo-

147 918 200 965 ras
224 910 354 963 nectere
377 895 500 971 studet,
526 897 565 964 cl.
588 897 651 962 act
676 917 723 984 sq.
747 895 869 963 et7l7.
915 894 1081 970 Ceterum,
1105 893 1130 960 si
1146 893 1229 960 hauc
1245 893 1346 980 expli-

145 1013 303 1079 cationem
320 1011 471 1088 admittis,
496 1023 569 1079 anta
586 1012 703 1078 verba:
725 1013 887 1099 „pretium
905 1019 990 1078 etc.“
1010 1010 1121 1076 fortior
1136 1009 1292 1076 distinctio
1306 1013 1345 1092 (:)

149 1125 299 1214 ponenda
324 1139 381 1192 est.

238 1241 399 1328 Deinceps
423 1253 584 1318 narratur,
609 1244 777 1309 maximam
802 1243 962 1310 sociorum
988 1255 1111 1329 partem
1136 1239 1346 1307 vehementer

146 1355 323 1445 flagitasse,
348 1369 381 1421 ut
404 1377 516 1424 cursus
538 1358 676 1425 Hercule
699 1359 855 1426 derelicto
879 1359 1133 1437 continuaretur3
1165 1377 1262 1421 uuum
1286 1356 1348 1421 Te-

149 1475 307 1538 lamonem
339 1471 483 1538 Herculis
515 1485 623 1558 partes
652 1475 835 1562 suscepisse
868 1476 1050 1562 ceterisque
1082 1494 1117 1539 se
1146 1472 1347 1557 opposuisse.

147 1592 216 1657 lam
243 1608 319 1653 vero
344 1607 397 1662 ea,
427 1607 500 1680 quae
524 1587 676 1654 Telamon
700 1588 744 1655 ob
769 1609 839 1656 eam
864 1611 993 1656 causam
1017 1588 1171 1675 loquitur,
1201 1599 1263 1650 tam
1288 1585 1347 1652 ab·

150 1715 243 1790 rupte
269 1716 301 1768 et
324 1703 465 1768 breviter
487 1701 571 1768 dicta
595 1717 681 1782 suut,
718 1718 751 1770 ut
780 1718 830 1772 sat
860 1703 988 1771 difficile
1010 1704 1050 1769 sit
1072 1714 1195 1771 rectum
1218 1715 1348 1768 seuten-

150 1821 263 1883 tlarum
289 1839 404 1882 nexum
428 1838 637 1906 cognoscere.
683 1820 822 1886 Valerius
854 1820 937 1886 enirn
961 1820 1098 1909 singulas
1120 1840 1173 1885 res
1196 1839 1258 1885 uon
1282 1830 1346 1882 tam

148 1935 347 2021 expressisse
371 1954 467 2020 quam
489 1931 647 1999 indicasse
671 1935 811 2013 videtur,
835 1931 915 2023 quas
939 1947 1050 2021 postea
1075 1937 1173 2000 lusius
1196 1945 1228 1999 et
1251 1953 1347 2000 accu-

150 2051 248 2120 ratius
271 2064 458 2138 expoueret.
504 2048 608 2115 Verba
632 2050 811 2116 Telamonis
835 2050 906 2116 haec
929 2064 1016 2131 suut,
1049 2065 1082 2117 et
1111 2052 1255 2117 oratioue
1278 2051 1348 2138 qui·

149 2164 224 2230 dem
249 2162 394 2250 obliqua,
417 2183 513 2251 quam
538 2177 669 2242 vocant,
694 2167 870 2255 perscripta
887 2167 1097 2254 (v.6l0sq.):
1119 2167 1230 2242 „idem
1251 2187 1347 2233 orans

148 2291 345 2370 prensatque
376 2281 461 2346 viros
490 2279 694 2368 demissaque
725 2281 862 2369 supplex
894 2281 997 2347 haeret
1020 2280 1060 2346 ad
1085 2301 1140 2346 ora
1165 2279 1268 2356 duciS,
1306 2281 1348 2346 uil

147 2415 183 2459 se
207 2413 307 2480 super
331 2394 467 2461 Hercule
491 2395 564 2471 lari,
587 2395 645 2461 sed
670 2399 759 2463 socio
776 2417 1129 2485 quocunquegemens:
1152 2418 1346 2484 quamquam

147 2531 264 2598 aspera
289 2511 371 2575 lama
397 2511 457 2574 iam
483 2509 568 2587 loca,
605 2512 732 2599 iamque
756 2513 842 2578 leras
867 2531 924 2598 per
949 2509 1086 2575 barbara
1111 2510 1201 2577 litora
1226 2526 1347 2600 gentes,

149 2649 211 2697 nou
235 2627 329 2690 alium
354 2639 462 2691 contra
487 2626 633 2702 Alciden,
671 2650 732 2692 uon
762 2639 894 2714 pectora
918 2638 1002 2692 tauta
1028 2650 1123 2714 posse
1147 2627 1252 2695 dari“.
1297 2631 1347 2694 ln-

144 2741 422 2829 terpretesinhoc
445 2741 517 2808 loco
542 2755 714 2829 propterea
738 2741 917 2817 haeserunt,
940 2743 1028 2830 quod
1045 2757 1207 2831 postrema
1226 2745 1340 2813 rerba:

149 2880 238 2938 „non
262 2857 357 2924 alium
380 2907 389 2924 .
411 2908 419 2925 .
442 2904 451 2923 .
475 2878 571 2945 posse
596 2857 662 2922 dari
672 2867 690 2894 ‘⁴
713 2857 870 2945 apodosin
895 2877 967 2924 esse
991 2859 1159 2924 voluerunt
1182 2860 1222 2925 ad
1247 2883 1345 2928 enun-

151 2975 259 3038 tiatum
285 2974 521 3053 concessivum3
545 2972 601 3038 sed
626 2995 819 3068 quamquam
843 2973 1001 3040 hocloco
1025 2973 1108 3038 idem
1134 2975 1233 3050 valet,
1258 2979 1344 3064 quod

148 3101 257 3162 nostro
281 3109 449 3155 sermone:
478 3087 685 3174 gleichwuhl,
716 3088 874 3157 indessen.
909 3091 987 3155 Haec
1010 3089 1101 3176 igitur
1124 3091 1274 3159 Telamon
1299 3096 1347 3160 di-

148 3225 227 3270 cere
251 3202 332 3270 vult:
372 3224 408 3270 se
444 3203 527 3269 nolle
554 3203 643 3289 plura
668 3204 709 3270 de
733 3204 871 3272 Hercule
900 3204 1009 3271 dicere
1034 3205 1167 3292 eiusque
1191 3208 1348 3277 fortitudi-

148 3340 222 3392 nem
247 3319 440 3405 praedicare‚
468 3339 574 3406 neque
599 3319 681 3384 enim
706 3320 748 3386 ob
774 3340 844 3385 eam
870 3338 999 3384 causam
1023 3341 1059 3386 se
1083 3322 1227 3389 Herculis
1239 3340 1348 3412 partes

149 3435 247 3512 tueri,
277 3434 335 3501 sed
359 3435 384 3499 si
409 3453 544 3500 necesse
568 3446 668 3510 esset,
700 3457 759 3522 pro
785 3455 980 3522 unoquoque
1003 3436 1162 3500 sociorum
1187 3460 1223 3504 se
1248 3441 1348 3509 verba

149 3551 306 3616 iacturum
322 3549 372 3642 ,de
396 3551 529 3638 ¹eiusque
555 3550 674 3615 iactura
698 3572 793 3639 aeque
817 3552 986 3618 doliturum
1011 3571 1098 3630 esse;
1127 3564 1266 3620 attamen
1292 3579 1346 3624 ue-

149 3667 215 3753 gari
230 3687 292 3730 nou
316 3687 427 3751 posse,
452 3664 620 3738 Herculem
646 3669 720 3731 tanti
745 3665 869 3732 roboris
894 3667 994 3731 virum
1017 3666 1138 3732 acerbe
1162 3667 1349 3751 desiderari,

149 3803 247 3870 quum
278 3782 339 3850 iarn
368 3782 398 3853 in
429 3801 469 3846 eo
504 3794 627 3855 esseut,
667 3793 701 3844 ut
729 3782 1012 3868 periculosissimas
1040 3782 1188 3869 regiones
1215 3785 1348 3867 adirent,

150 3917 256 3982 neque
279 3896 413 3961 altarum
439 3895 590 3970 existere,
622 3897 675 3982 qui
699 3895 869 3964 Herculem
894 3896 1075 3963 fortitudine
1099 3913 1253 3984 aequaret.
1300 3905 1348 3967 lu-

150 4013 263 4076 nsitate
293 4010 469 4078 adhibitum
500 4023 549 4076 est
577 4010 778 4098 participium
800 4033 939 4098 pomona,
977 4014 1051 4102 quia
1084 4013 1185 4078 oratio
1218 4014 1347 4104 obliqua

146 4119 362 4194 accusativum
386 4146 494 4191 casum
519 4127 710 4213 expostulat.
758 4127 824 4193 Sed
852 4127 986 4194 similem
1010 4127 1231 4214 negligentiam
1256 4131 1348 4199 Vale·

154 4296 419 4308 ——--—.--.-.-

171 4393 206 4460 l⁶)
227 4391 261 4443 cl'.
292 4389 361 4445 Oed.
392 4390 450 4444 Col.
476 4393 526 4444 638
550 4411 596 4460 sq:
626 4400 647 4447 εἶ
671 4395 692 4448 d’
707 4393 793 4447 ἐνθάδ’
819 4394 868 4464 ἡδὺ
894 4397 930 4464 τῷ
955 4400 1011 4463 ξένῳ
1029 4401 1138 4459 μίμνειν,
1171 4401 1195 4449 σε’
1219 4420 1256 4450 νιν
1281 4397 1348 4460 arido)

219 4487 360 4552 cultionem·
380 4495 401 4542 εἰ
418 4491 439 4543 d'
453 4494 512 4552 ἐμοῦ
532 4501 635 4561 στείχειν
653 4498 715 4557 μέτα
734 4491 785 4547 rid*
805 4491 854 4564 ἡδύ
871 4521 907 4531 -
925 4491 996 4544 adde
1016 4501 1120 4560 στείχειν
1138 4493 1232 4548 κελεύω.
1251 4527 1253 4530 -
