3054 5048
761 215 781 278 tt

169 397 293 474 potest,
325 386 515 474 plerumque
547 385 680 454 verbum
706 389 825 457 finitum
850 393 1006 478 interponi
1032 395 1129 460 etita
1154 391 1300 482 quidem,
1338 398 1374 456 ut

165 501 384 590 praepositioui
410 501 554 587 proximo
578 502 765 582 subiciatur,
790 506 892 573 velut:
923 509 1215 598 super-effugere,
1238 520 1373 573 coutra-

169 637 281 690 ruere,
307 617 517 683 iuxta-stare.
565 615 750 704 l’raepositio
786 622 868 687 enim
892 621 993 688 verbo
1018 621 1105 688 finito
1130 623 1179 690 vel
1205 622 1374 707 participio

169 744 332 817 tamquam
356 728 539 805 attrahitur,
564 732 653 817 simili
677 737 816 810 ratione,
841 757 902 822 qua
918 738 1149 803 innumerailla
1168 735 1267 802 verba
1285 755 1374 800 com·
1444 781 1452 802 .

170 849 272 932 posita
297 857 369 910 natu
394 856 480 920 sunt,
513 859 546 911 ut
569 843 658 912 adire
682 847 820 934 aliquem
847 873 923 936 pro:
961 852 1000 916 ad
1026 851 1164 938 aliquem
1190 851 1245 914 ire.
1292 849 1374 925 Quae

169 962 315 1034 attractio
340 955 534 1024 manifestior
558 963 658 1027 estin
682 966 910 1050 praepositione
938 987 1047 1052 super,
1070 965 1109 1031 cl.
1134 967 1153 1032 l.
1176 965 1255 1030 ton:
1290 969 1376 1028 «Ae-

172 1074 233 1162 gaei
256 1088 355 1159 super
378 1070 488 1158 effugit
510 1073 572 1138 alta
598 1077 772 1161 profundi»
799 1090 831 1144 et
855 1081 902 1145 lll.
926 1083 1006 1146 554:
1033 1081 1194 1143 «intactas
1209 1078 1287 1142 levis
1305 1078 1374 1160 ipsc

172 1188 349 1274 superfugit
372 1185 475 1252 umlas
488 1211 522 1266 »3
546 1191 566 1254 l.
590 1191 673 1257 3217:
699 1215 786 1258 «vox
805 1207 908 1260 tamen
928 1194 1106 1261 Alcimedes
1118 1193 1265 1279 planctus
1279 1208 1378 1273 super

176 1302 296 1368 eminet
318 1321 457 1366 omnes»
485 1314 518 1367 ct
548 1299 580 1370 V.
604 1305 685 1371 367:
718 1309 804 1372 riam
830 1310 958 1374 Talaum
983 1359 991 1375 .
1015 1357 1023 1375 .
1045 1356 1053 1377 .
1076 1309 1145 1394 ipse
1171 1304 1302 1392 egregio
1326 1325 1378 1366 su·

178 1418 358 1503 pereminet
381 1435 437 1481 ore
449 1441 475 1480 u.

264 1529 344 1594 Nota
369 1541 417 1595 est
440 1528 558 1598 deindo
582 1534 747 1623 singularis
771 1537 819 1602 illa
845 1537 987 1616 licentia,
1011 1557 1084 1626 quae
1109 1538 1138 1602 in
1153 1531 1379 1622 praepositione

172 1665 233 1732 per
262 1642 367 1711 locum
400 1643 513 1722 babet,
552 1646 606 1713 ubi
637 1650 666 1714 in
700 1652 851 1736 precibus
875 1665 907 1718 et
935 1651 1213 1720 obsecrationibus
1244 1645 1379 1712 atlltibe-

180 1764 285 1836 tur⁹);
315 1780 540 1849 nonuunquam
566 1765 665 1838 enim,
690 1767 785 1831 etiam
810 1787 828 1832 a
853 1768 1024 1842 Cicerone,
1049 1789 1067 1832 a
1091 1764 1288 1832 substantivo
1313 1781 1381 1825 om·

181 1876 254 1938 uiuo
277 1888 428 1960 separata
452 1877 587 1963 ponitur.
643 1880 711 1957 Qua
745 1881 773 1944 in
805 1904 840 1948 rc
865 1897 970 1969 poetae
1001 1895 1160 1968 praetorcu
1184 1875 1382 1947 attractione,

182 2007 278 2074 quam
304 2001 432 2065 vocant,
472 1993 518 2057 usi
549 1991 780 2060 substantivum
805 1998 965 2062 enuntiato
989 1995 1201 2086 hypothetico
1226 1989 1275 2056 vel
1301 1988 1384 2052 rela-

183 2104 248 2168 tivo
272 2104 430 2179 inserunt,
466 2106 508 2171 ita
541 2121 574 2172 ut
605 2112 789 2195 praepositio
817 2114 1023 2199 grammatice
1049 2105 1122 2174 nihil
1147 2105 1281 2181 babeat,
1318 2122 1383 2189 quo

185 2217 360 2299 reseratum
399 2219 438 2284 cl.
466 2243 494 2286 v.
525 2245 570 2310 gr.
594 2226 670 2290 Aen.
696 2227 730 2290 ll.
755 2225 834 2292 tta:
873 2248 958 2313 oper
980 2225 1005 2292 si
1030 2245 1093 2311 qua
1118 2233 1166 2289 est
1189 2241 1262 2308 quae
1287 2228 1386 2284 restet

185 2331 292 2398 adhuc
316 2333 501 2400 mortalibus
525 2359 659 2424 usquam
683 2341 873 2418 intemerata
900 2337 1026 2417 fides»,
1058 2359 1134 2427 pro:
1165 2358 1224 2424 per
1252 2337 1386 2399 inteme-

188 2460 288 2511 ratam
312 2444 427 2515 fidem.
459 2451 482 2515 si
507 2472 570 2538 qua
596 2465 655 2530 est,
687 2476 761 2542 quot
785 2467 846 2521 etc.
891 2456 979 2521 llauo
1003 2452 1129 2520 dicendi
1154 2451 1308 2517 rationem
1333 2445 1389 2510 tta·

187 2561 284 2627 lerius
307 2563 443 2631 imitatus
467 2577 515 2632 est
538 2568 598 2634 Vll.
621 2570 703 2636 266:
731 2589 817 2657 oper
841 2566 894 2634 tibi
919 2571 1047 2657 siquis,
1071 2569 1129 2640 ait,
1154 2564 1295 2632 morituri
1312 2582 1387 2648 pro·

186 2677 269 2742 tinus
293 2674 448 2755 horror»,
487 2702 562 2767 pro:
595 2703 654 2769 per
678 2683 862 2761 horrorem,
899 2685 916 2751 i.
940 2706 967 2751 e.
992 2681 1322 2752 commiserationem,
1360 2674 1386 2739 si

189 2791 259 2878 quis
284 2790 338 2856 tibi
363 2805 412 2858 est
434 2795 587 2863 morituri.

277 2905 344 2970 ntia
368 2909 485 2991 poetici
508 2913 664 2978 sermonis
688 2891 868 3000 proprietas
891 2915 921 2980 iu
946 2935 986 2981 eo
1010 2912 1169 2986 consistit,
1201 2920 1235 2975 ut
1258 2925 1389 2993 praepo·

187 3020 275 3097 sitio,
299 3042 372 3108 qum
396 3023 437 3086 ad
461 3022 526 3089 duo
549 3025 744 3092 substantiva
770 3028 923 3114 particula
947 3027 1128 3114 copulativa
1152 3028 1233 3090 inter
1255 3044 1291 3090 se
1310 3042 1389 3088 con-

188 3137 294 3201 iuncta
319 3137 473 3221 pertinet,
497 3140 665 3226 posteriori
689 3142 746 3207 soli
770 3143 915 3208 addatur.
953 3144 1025 3221 Quo
1046 3141 1087 3207 do
1105 3163 1162 3206 usu
1179 3138 1333 3223 Reisigius
1350 3135 1388 3220 ¹⁰)

194 3250 264 3314 ltaec
278 3249 389 3316 habet:
410 3276 423 3312 u
437 3253 536 3319 Dahei
548 3256 586 3321 ist
601 3278 639 3320 zu
655 3243 850 3332 hemerlteu,
868 3258 943 3324 dass
957 3255 1242 3324 Verschiedenheit
1256 3253 1316 3320 der
1330 3254 1390 3318 Be·

192 3363 282 3449 grille
307 3365 335 3428 iu
360 3364 423 3431 den
448 3369 627 3436 nominibus
651 3371 710 3438 der
733 3373 838 3439 Sache
863 3373 945 3439 nach
969 3371 1175 3459 nothwendig
1198 3371 1237 3438 ist
1260 3369 1312 3434 bei
1327 3367 1390 3434 sol-

193 3478 272 3544 cher
302 3477 542 3558 Construktion,
580 3487 642 3551 und
675 3487 750 3552 dass
780 3509 831 3554 wo
860 3487 907 3554 sie
939 3485 1125 3554 wosentlich
1156 3485 1203 3552 als
1234 3479 1390 3550 identisch

186 3592 374 3660 ‘benachtet
408 3598 558 3674 werden,
599 3601 743 3668 diesclbe
774 3602 860 3670 nicht
894 3599 1087 3690 augewandt
1124 3599 1243 3665 wird».
1294 3594 1389 3676 Quod

192 3721 281 3773 recte
305 3708 475 3777 iudicatum
501 3727 561 3790 est,
599 3715 624 3780 si
650 3717 833 3801 praepositio
857 3719 959 3782 statim
985 3726 1058 3804 post
1081 3714 1267 3800 particulam
1291 3733 1392 3798 copu-

193 3813 320 3888 lativam
345 3826 447 3910 posita
471 3827 604 3893 alterum
629 3829 859 3897 substantivum
886 3831 1058 3919 praecedit;
1089 3828 1141 3893 tali
1165 3829 1248 3894 euim
1273 3825 1392 3892 verbo·
1491 3809 1496 3816 ¹

191 3960 261 4002 rum
286 3939 417 4016 ordine,
441 3939 615 4009 dummodo
631 3957 720 4011 recte
737 3947 898 4013 adhibitus
911 3948 962 4021 sit,
988 3943 1158 4017 iudicatur,
1182 3940 1299 4029 aliquid
1318 3939 1391 4004 novi

190 4052 240 4119 vel
272 4053 359 4141 quod
392 4054 498 4142 aliquo
526 4055 637 4123 saltem
670 4071 820 4146 respectu
852 4082 869 4126 a
910 4061 1016 4146 priore
1050 4054 1196 4124 membro
1228 4054 1390 4120 diversum

189 4170 245 4246 sit,
284 4169 369 4235 addi.
422 4169 501 4236 Nihil
532 4185 639 4238 autem
671 4174 791 4254 obstat,
835 4177 1004 4264 quominus
1039 4171 1225 4260 praepositio
1262 4168 1392 4236 duobus

192 4326 458 4340 n———n—-a—-n

225 4370 289 4481 9).ν.
310 4413 435 4484 Kriiger,
454 4415 503 4470 lat.
523 4416 650 4486 Spraclrl.
669 4419 694 4490 ξ.
714 4422 764 4476 cet
783 4422 818 4475 A.
838 4426 863 4478 t.
883 4451 916 4461 -
940 4421 970 4490 ¹⁰)
989 4437 1014 4474 r.
1032 4419 1051 4471 l.
1072 4434 1095 4468 c.
1117 4416 1140 4486 ξ.
1160 4415 1220 4471 tta.
