3054 5048
703 233 743 306 lil

131 431 192 483 lura
233 415 352 482 mundo
389 425 535 500 tempora
572 415 704 503 viasque
743 427 877 482 cernunt
919 415 979 483 sibi
1017 436 1167 483 crescere
1205 414 1326 486 Parcae.

131 533 224 598 Causa
250 551 345 604 vero,
370 549 426 595 cur
451 527 629 614 pronomen
654 531 819 597 relativum
845 530 942 615 priori
967 529 1096 598 obiecto
1115 535 1324 620 postpositum

129 649 228 729 sit29).
262 647 396 711 lortasse
421 645 450 708 in
475 665 514 710 eo
539 645 670 709 inveniri
695 658 816 731 polest,
847 645 933 732 quod
967 645 1133 713 infinitivus
1157 649 1324 716 crescendi

129 762 165 826 ad
187 761 287 827 solam
315 760 434 824 viarum
459 780 573 826 vocem
598 759 787 826 relerendus
811 775 868 827 est.

212 877 319 960 Nuper
350 876 379 940 in
409 865 667 941 Hirsclrwaelderi
698 873 953 941 dissertationem
965 873 1012 958 ³⁰)
1035 876 1144 950 incidi,
1178 879 1231 962 qui
1257 901 1326 944 mu-

110 993 241 1074 tatione
264 988 337 1057 huic
362 990 433 1056 loco
451 990 573 1056 mederi
589 987 709 1066 studet,
735 1011 794 1076 pro
808 989 925 1055 mondo
942 1010 1143 1075 proponens:
1163 1003 1324 1079 promunt,

103 1118 157 1180 ‚et
179 1127 238 1191 pro
261 1115 404 1192 temporo
427 1125 618 1193 quaequexex
644 1105 758 1169 Herlzii
782 1104 983 1170 coniectura:
1007 1122 1149 1202 temporo
1164 1085 1324 1194 aquaque,

126 1222 163 1285 ita
187 1230 220 1284 ut
242 1219 315 1286 haec
338 1220 493 1286 sententia
518 1216 687 1284 efficiatur:
716 1238 777 1296 una
810 1239 922 1284 omnes
949 1219 1091 1306 gaudent
1112 1223 1220 1306 superi
1245 1243 1323 1287 ven-

126 1348 257 1423 turaque
289 1347 438 1421 promunt
469 1346 613 1419 tempora
647 1353 808 1421 aquaeque
837 1334 904 1399 vias
927 1345 1063 1400 cernunt
1084 1334 1143 1400 sibi
1173 1357 1323 1402 crescere

125 1452 240 1516 Parcae.
285 1449 350 1515 Sed
379 1449 453 1514 licet
482 1448 535 1514 hae
566 1450 777 1523 coniecturae,
807 1449 922 1514 Hertzii
953 1449 1145 1535 praesertim,
1181 1450 1322 1538 ingenio-

123 1566 252 1630 sissimae
280 1567 356 1642 sint,
393 1566 439 1630 eis
469 1564 613 1631 assentiri
645 1584 708 1628 non
743 1584 883 1648 possum.
941 1563 1078 1627 Primum
1110 1564 1193 1630 enini
1227 1565 1322 1630 valde

123 1679 246 1752 dubito,
285 1701 367 1745 oum
389 1702 480 1767 oquoe
511 1681 569 1743 oioe
600 1677 785 1763 simpliciter
816 1679 877 1744 dici
911 1679 1010 1762 possit
1033 1699 1108 1765 pro:
1143 1683 1247 1745 uraris
1277 1680 1324 1746 vel

120 1796 223 1882 pelopi
244 1797 449 1882 oioe,neque
475 1791 758 1859 Hirschwaelderus
781 1791 844 1858 hoc
862 1792 1027 1879 probavit;
1051 1793 1169 1860 deinde
1185 1795 1320 1860 verbum

121 1907 286 1975 crescendi
310 1908 512 1976 difficultates
536 1909 632 1994 parit,
657 1907 730 1994 quia
756 1929 830 1971 usus
854 1907 949 1972 maris
975 1927 1014 1972 ao
1030 1909 1156 1973 navium
1169 1885 1320 1976 crescere

122 2047 181 2091 non
207 2026 322 2108 p‘otuit.
347 2047 443 2112 quum
468 2036 562 2088 antea
587 2022 689 2087 nullus
713 2033 813 2102 esset3
836 2022 933 2088 immo
951 2023 1185 2112 unusquisque,
1209 2025 1262 2111 qui
1278 2025 1320 2090 de

121 2141 176 2204 viis
202 2139 305 2212 audit,
341 2160 422 2227 quas
450 2139 560 2203 Parcae
584 2136 642 2201 sibi
675 2157 825 2202 crescere
857 2135 977 2210 vident,
1010 2136 1161 2224 cogitabit
1188 2137 1230 2202 de
1255 2139 1320 2214 viis,

119 2255 136 2319 i.
161 2275 188 2319 e.
213 2252 437 2319 occasionibus
460 2253 639 2332 morlis³¹),
678 2270 752 2338 quae
781 2251 860 2315 mari
883 2251 1103 2339 navigantibus
1125 2265 1239 2338 aperto
1263 2273 1320 2316 au-

118 2380 233 2456 gentur
256 2380 289 2446 et
311 2365 553 2452 amplificantur.
599 2367 763 2431 Manifesto
787 2366 880 2453 igitur
894 2364 967 2432 haec
982 2367 1081 2433 verba
1098 2387 1227 2433 causam
1242 2387 1321 2434 coo·

117 2484 231 2557 tinent,
255 2503 312 2547 our
335 2482 447 2548 Parrae
470 2479 646 2570 gaudeant,
680 2499 787 2567 neque
812 2501 989 2565 pronomen
1013 2480 1178 2546 relativum
1203 2480 1319 2548 abesse

117 2606 233 2685 potest.
278 2597 485 2682 Quapropter
508 2597 537 2660 in
563 2595 729 2661 Burmanni
755 2594 968 2680 explicatione
992 2596 1175 2682 acquiesco.

206 2714 268 2796 lam
294 2722 328 2776 ut
351 2709 433 2775 hanc
457 2710 499 2775 de
524 2709 677 2798 particula
702 2731 761 2798 que
783 2709 1057 2797 quaestiooemuad
1083 2709 1177 2774 linem
1198 2709 1319 2794 perdo·
1350 2715 1353 2725 '

115 2847 204 2901 carn,
229 2824 395 2896 nonnullos
419 2824 508 2890 locos
531 2826 665 2900 addam,
690 2826 720 2888 in
745 2822 860 2910 quibus
884 2836 1043 2910 praeterea
1068 2822 1139 2890 haeo
1163 2827 1317 2911 particula

113 2942 183 3006 aliis
206 2933 356 3014 vocibus,
380 2939 540 3024 quemad
566 2961 645 3026 quas
663 2940 792 3025 proprie
808 2938 1106 3025 pertinrladiuncla
1126 2952 1184 3004 est.
1223 2939 1317 3019 Quod

113 3068 182 3122 tum
208 3055 404 3141 potissimum
437 3053 540 3118 locum
567 3053 679 3125 habel.
717 3074 813 3140 quum
844 3054 999 3140 integrum
1030 3057 1224 3120 enuntiatum
1255 3055 1317 3120 hac

113 3169 270 3256 particula
295 3169 346 3246 ii's,
370 3189 444 3254 qnae
468 3167 675 3253 praecedunt,
699 3167 842 3242 additur,
867 3179 899 3234 el
923 3188 984 3232 vox
1008 3168 1074 3244 illa,
1105 3171 1154 3234 cui
1178 3192 1236 3256 que
1259 3171 1318 3234 ad·

112 3287 242 3351 lraerere
267 3283 426 3354 debebat,
464 3282 616 3348 liberiore
646 3301 708 3368 qua
733 3293 840 3367 poetae
870 3293 999 3346 utuntur
1020 3283 1193 3349 verborum
1218 3285 1317 3351 collo-

110 3401 260 3475 catione,
291 3397 377 3463 velut
401 3418 460 3482 per
481 3397 717 3470 attractionem,
749 3415 846 3483 quam
871 3409 1001 3472 vocant,
1035 3397 1076 3462 ab
1102 3400 1187 3464 initio
1211 3419 1301 3465 remo

111 3527 217 3580 vetur.
262 3511 357 3577 Cuius
381 3513 425 3576 rei
451 3491 632 3595 exemplum
658 3509 816 3576 habemus
839 3512 867 3574 in
893 3530 933 3577 eo
957 3511 1046 3587 loco,
1070 3513 1112 3578 de
1137 3490 1201 3600 quo
1219 3514 1316 3578 modo

108 3629 252 3715 agionis:
292 3637 516 3712 „venturaque
540 3673 549 3691 .
573 3671 580 3689 .
603 3673 611 3692 .
636 3625 770 3691 Paroae“
801 3645 877 3710 pro:
910 3626 1103 3713 Parcaeque,
1140 3647 1214 3714 quae
1239 3648 1316 3692 ven-

108 3758 183 3807 tura
213 3756 274 3808 etc.
328 3741 392 3806 Alia
426 3739 573 3826 exempla
606 3737 707 3805 habes
738 3741 759 3803 l.
788 3739 851 3802 tal
883 3760 932 3826 sq.
961 3732 1109 3827 „oraque
1133 3740 1316 3808 Thessalico

107 3858 227 3922 melior·
250 3854 449 3922 contundere
473 3855 580 3931 freno,
615 3865 778 3919 vectorem
804 3853 930 3940 pavidae
955 3854 1066 3920 Castor
1089 3855 1164 3939 dnm
1190 3875 1317 3942 quaere-

125 4069 164 4140 ²⁹)
185 4067 342 4121 Pronomen
360 4063 510 4118 relativum
528 4064 603 4134 apud
621 4063 764 4118 Valerium
783 4062 942 4118 sexcenties
960 4066 996 4119 ab
1014 4065 1097 4119 initio
1116 4065 1256 4120 enuntiati
1274 4083 1316 4119 re-

184 4167 328 4230 movetur,
346 4180 371 4215 v.
392 4161 474 4215 infre.
498 4191 535 4202 -
561 4162 596 4230 ³⁰)
614 4179 641 4216 v.
661 4161 750 4216 Curae
769 4161 885 4216 criticae
902 4162 932 4216 in
950 4162 1045 4216 Valeri
1061 4163 1157 4217 Flacci
1174 4165 1317 4232 Argonau-

186 4259 257 4327 tioe,
283 4259 348 4314 dies,
376 4260 469 4328 inaug.
487 4258 673 4312 Vralieleviae
691 4263 768 4316 1870.
787 4289 822 4300 —-
841 4263 878 4328 ³¹)
898 4260 932 4315 of.
952 4277 987 4314 ex
1014 4277 1049 4329 gr
1076 4260 1097 4315 1.
1116 4263 1165 4315 32:
1190 4260 1317 4328 „letique

183 4357 242 4410 viae
262 4361 291 4410 et
310 4361 438 4426 tempora
452 4355 586 4420 versat⁴‘;
604 4355 649 4408 VI.
667 4358 733 4411 205:
753 4357 980 4426 „fatisqueviam
993 4358 1315 4427 monstraretiniquis“3

184 4455 260 4524 Verg
286 4471 375 4522 georg
403 4455 442 4507 111
470 4457 537 4510 482:
557 4468 631 4518 „nec
650 4451 694 4504 via
712 4454 813 4508 mortis
833 4459 894 4508 erat
913 4455 1031 4524 simplex
1050 4458 1140 4510 elo.“.
