3054 5048
778 276 820 339 36

195 452 383 526 lahorem“‚
407 445 460 513 ubi
485 459 615 525 „tecum
625 457 642 484 ‘¹
665 451 833 518 manifesto
858 465 1044 540 corruptum
1069 464 1127 519 est.
1173 452 1269 518 Certo
1293 467 1400 516 tamen

197 567 299 634 conici
324 574 445 650 potest,
480 585 594 630 vocem
628 568 763 632 eiectam
788 587 806 632 a
831 568 919 634 litera
944 578 956 632 t
980 569 1148 654 incepisse.
1194 567 1402 653 Quapropter

194 681 284 748 Thilo
295 681 338 766 ⁴³)
363 679 526 766 ingeniose
550 679 635 746 hunc
659 683 764 748 locum
790 683 973 749 emendavit
995 684 1161 769 suspicans
1186 693 1219 747 tu
1242 685 1297 749 sic.

286 797 364 859 Nam
388 795 446 859 etsi
471 807 559 860 recte
583 794 645 861 dici
670 819 731 862 non
755 811 875 885 potest,
900 800 1056 865 Valerium
1074 850 1091 874 ,‚
1102 820 1236 884 perraro
1250 799 1404 863 coniunc-

196 914 295 977 tivum
320 906 410 975 verbi
438 909 624 976 substantivi
657 915 919 1000 suppressisse‘·,
961 926 1065 980 tamen
1097 912 1160 978 hoc
1192 927 1315 979 certum
1345 924 1403 986 est,

197 1025 399 1093 omissionem
424 1026 613 1093 coniunctivi
640 1029 833 1116 plerumque
857 1030 925 1095 aliis
956 1029 1161 1094 coniunctivis
1184 1029 1300 1094 additis
1323 1041 1405 1092 tam-

201 1163 297 1232 quam
322 1140 469 1228 mitigari,
504 1161 625 1229 neque,
657 1145 743 1231 quod
775 1146 894 1221 sciam,
930 1144 1014 1210 aliud
1040 1145 1222 1230 exemplum
1248 1144 1277 1206 iu
1301 1141 1406 1206 Valeri

203 1257 343 1326 carmine
369 1256 541 1341 reperitur,
573 1259 624 1322 uhi
655 1261 756 1325 forma
787 1263 834 1325 sis
857 1261 971 1325 omissa
996 1261 1044 1326 sit.
1089 1260 1208 1326 Saltem
1233 1274 1266 1323 ut
1289 1278 1406 1322 secun·

204 1375 256 1440 dae
280 1390 428 1458 personae
453 1371 580 1435 omissio
605 1374 678 1438 lerri
703 1389 829 1460 posset,
869 1374 948 1439 elius
971 1374 1190 1440 coniunctivus
1214 1370 1408 1460 praecedere

207 1489 255 1555 vel
280 1487 370 1573 sequi
394 1484 514 1551 debuit
566 1489 677 1576 ltaque
710 1491 847 1556 Thilouis
871 1491 1054 1555 coniectura
1081 1488 1247 1575 probanda
1273 1485 1409 1550 videtur.

296 1603 369 1666 Post
399 1601 652 1668 coniunctionem
686 1606 848 1670 causalem
879 1605 1013 1670 formam
1043 1607 1106 1670 siat
1131 1606 1279 1669 omissam
1304 1600 1409 1664 hahes

207 1719 268 1786 Vll.
292 1717 371 1782 332:
409 1737 505 1790 „cunt
536 1718 590 1782 tihi
616 1730 660 1783 tot
685 1732 804 1785 mortes
827 1721 1023 1807 scelerisque
1049 1719 1236 1785 brevissima
1260 1716 1335 1781 tanti
1360 1715 1409 1779 el-

209 1834 319 1920 lugia“
343 1831 400 1916 (sc.
424 1833 514 1912 sinl);
539 1835 623 1898 etin
649 1837 792 1901 oratione
816 1835 945 1922 obliqua
971 1837 1006 1901 ll.
1022 1835 1104 1900 398:
1129 1835 1240 1909 „vidui
1257 1852 1340 1896 nnuc
1357 1829 1409 1894 illa

208 1948 331 2014 silentia
356 1946 429 2012 tecti
453 1966 539 2011 saeva
564 1952 663 2036 magis
686 1955 746 2031 (sc.
770 1958 872 2030 esse),
902 1950 1058 2016 thalamos
1082 1969 1282 2036 excussaque
1307 1945 1410 2010 vincla

209 2063 296 2152 quod
321 2081 409 2127 ausae
432 2065 492 2142 (sc.
515 2063 590 2142 sint)
604 2063 738 2130 iuduere
754 2078 851 2154 atque
866 2069 979 2132 iterum
998 2066 1077 2131 tales
1093 2066 1262 2131 admittere
1279 2068 1411 2127 curas·‘.

300 2179 423 2244 Formae
447 2177 624 2264 imperfecti
648 2189 743 2255 esset,
765 2192 868 2246 esseut
891 2183 1017 2247 omissae
1041 2194 1113 2245 suut
1128 2194 1199 2266 post
1215 2177 1412 2246 coniunctio-

213 2313 286 2359 nem
310 2290 551 2381 hypotheticam
583 2295 604 2360 l.
627 2293 686 2358 hl:
722 2297 773 2370 „si
804 2296 894 2374 mihi,
931 2318 1004 2386 quae
1034 2295 1214 2382 quondam,
1244 2293 1328 2358 vires
1350 2297 1413 2370 (sc.

214 2407 334 2492 essent)
356 2455 365 2474 .
388 2454 396 2472 .
419 2455 427 2474 .
450 2406 620 2486 vider-ose,
657 2422 689 2475 et
719 2412 748 2476 in
781 2412 897 2478 eodem
928 2412 1008 2477 lihro
1040 2435 1065 2478 r.
1095 2413 1177 2477 336:
1217 2408 1310 2485 „osi
1336 2404 1412 2468 mihi

213 2523 341 2612 sanguis
364 2522 420 2608 (sc.
443 2525 543 2608 esset)
567 2574 575 2591 .
598 2572 606 2590 .
628 2574 636 2591 .
660 2527 877 2614 posuissem“;
901 2541 933 2594 et
957 2540 1030 2615 post
1053 2527 1307 2595 coniunctionem
1332 2533 1414 2585 tem-

216 2640 359 2726 poralem
382 2637 438 2703 ubi
461 2639 506 2705 tv.
528 2641 610 2704 379:
649 2642 727 2720 „nbi
759 2643 809 2708 vel
834 2643 907 2710 lessi
932 2656 1107 2710 tremerent
1130 2638 1293 2710 erroribus
1316 2648 1414 2710 artus,

216 2754 266 2821 vel
291 2765 462 2820 rueret..
486 2803 494 2820 .
517 2768 570 2820 aot
594 2756 647 2822 uhi
671 2779 756 2846 aegra
781 2759 853 2824 siti“
878 2762 927 2840 (sc
960 2759 1067 2845 esset).

274 2941 279 2953 ¹
306 2869 417 2934 Forma
441 2868 582 2956 denique
605 2871 742 2938 infinitivi
767 2896 834 2940 esse
854 2875 1031 2961 saepissime
1051 2870 1210 2939 audienda
1231 2879 1294 2944 est,
1318 2866 1415 2932 etiam

218 2995 306 3050 extra
330 2985 585 3071 coniugationem
610 2989 891 3075 periphrasticam‚
917 2991 1093 3077 praesertim
1117 2984 1148 3053 in
1172 2987 1317 3053 oratione
1333 2980 1417 3047 ohli-

217 3119 295 3186 qua;
319 3099 358 3166 cl.
381 3100 415 3164 ll.
438 3100 502 3165 395
526 3122 590 3188 sq:
629 3102 712 3180 „sihi
737 3105 854 3170 moenia
879 3106 974 3193 linqui
999 3127 1039 3172 en
1063 3107 1194 3180 iterum,
1231 3112 1263 3165 et
1286 3095 1418 3186 quaudo

219 3227 364 3280 natorum
396 3226 560 3302 tempora,
597 3230 724 3305 gentem
758 3221 811 3306 qui
842 3221 1004 3299 recolant,
1039 3223 1093 3313 qui
1124 3231 1252 3306 sceptra
1286 3224 1418 3304 gerant;

219 3350 303 3396 nunc
330 3331 417 3395 triste
449 3331 597 3396 neleudae
622 3334 722 3398 noctis
746 3356 842 3420 opus,
880 3337 964 3402 vidui
997 3356 1079 3402 nunc
1109 3335 1159 3399 illa
1190 3332 1313 3399 silentia
1342 3329 1418 3393 tecti

219 3465 306 3511 saeva
331 3445 469 3533 magis⁴⁴;
494 3447 525 3512 V.
548 3447 630 3513 299:
653 3447 720 3525 „nil
744 3451 865 3537 quippe
890 3464 1020 3538 reperto
1046 3449 1196 3523 Phaside,
1227 3447 1266 3512 nil
1291 3444 1420 3510 domitis

220 3573 324 3625 actum
350 3559 406 3647 (sc.
431 3559 515 3646 esse)
539 3560 775 3652 Symplegados
798 3567 905 3642 undis.
943 3580 1124 3654 cunctaque
1152 3563 1274 3638 adhuc,
1313 3560 1418 3647 magni

221 3675 347 3740 veniant
370 3675 445 3740 dum
471 3677 554 3766 regis
577 3678 617 3743 ad
642 3679 773 3757 urbem.
798 3681 945 3772 ambigua
970 3695 1002 3750 et
1025 3679 1122 3746 dubia
1147 3699 1252 3746 rerum
1273 3672 1420 3763 pendeo-

222 3791 262 3856 tia
286 3798 443 3859 summa“.

300 3905 507 3971 ,Postremum
534 3907 690 3977 hocloco
715 3913 836 3980 moneri
850 3925 969 3999 potest,
994 3911 1151 3979 Valerium
1175 3909 1342 3998 aliquoties
1361 3928 1421 3972 vo·

221 4041 292 4087 cem
316 4041 411 4110 super
434 4021 621 4092 adhibuisse
646 4047 704 4114 pro
729 4037 884 4116 superest,
923 4041 957 4093 ot
986 4048 1094 4117 graece
1117 4018 1183 4091 ὕπο
1208 4015 1420 4112 pronianum

222 4158 252 4202 v.
275 4138 296 4204 l.
319 4137 401 4205 345:
437 4159 544 4214 „nunc
581 4139 630 4206 ille
661 4143 743 4220 dies,
774 4143 850 4223 (det
877 4145 999 4231 Jupiter
1031 4147 1104 4213 oroi
1129 4142 1179 4208 ille
1202 4161 1316 4226 super,
1354 4157 1421 4224 quo

222 4258 325 4334 etc.·‘;
363 4251 434 4316 Vlll.
468 4252 550 4320 l57:
585 4257 710 4334 „vellus
734 4257 819 4326 hehe
844 4272 876 4328 et
899 4258 1014 4327 nostris
1037 4259 1062 4326 si
1085 4257 1162 4346 quid
1185 4276 1284 4344 super
1307 4252 1422 4338 accipe

228 4420 492 4434 ——u—-m

242 4504 276 4574 ⁴³)
295 4522 320 4561 v.
338 4507 446 4577 proleg.
464 4526 492 4577 p.
512 4509 592 4567 LVII.
637 4509 645 4523 ⁴
