3054 5048
760 238 780 317 l

170 443 242 524 ‹lsic'
276 457 319 522 a'it
354 441 479 544 basque
515 458 595 522 intoi
627 457 719 521 variis
750 471 812 522 nox
845 455 979 544 plurima
1011 443 1103 522 dictis
1133 459 1225 544 rapla
1250 437 1376 532 vicesu

169 593 243 658 quae
267 571 375 658 paullo
399 570 552 664 audacius
576 570 659 635 dicta
684 583 771 648 sunt,
801 593 874 638 nam
899 583 1018 659 praeter
1042 571 1175 637 verbum
1200 569 1319 636 finitum
1345 583 1377 636 et

169 686 349 752 subiectum
377 669 441 751 ¹alia
474 707 604 774 quoque
637 685 793 753 vocabula
818 699 902 753 inter
926 686 1185 773 praepositionem
1211 699 1244 752 et
1267 704 1376 751 casum

170 799 275 864 locum
300 798 438 882 habent3
476 811 564 866 rocta
594 803 676 866 enim
703 799 875 866 verborum
900 801 1000 867 series
1024 799 1096 866 haec
1120 811 1184 866 est:
1225 801 1375 887 «hasque

170 913 252 980 inter
284 915 370 978 vices
402 932 464 980 non
496 913 628 1000 plurima
660 915 752 978 variis
783 914 875 981 dictis
905 927 994 1001 rapta
1025 919 1084 993 (sc.
1108 919 1209 995 esur.
1254 914 1375 980 Eodem

172 1027 389 1094 modoetiam
423 1027 669 1115 praepositiones
695 1028 934 1117 monosyllabas
957 1045 1048 1114 saepe
1071 1030 1231 1096 seiunctas
1262 1027 1373 1101 habes,

174 1141 262 1208 velut
290 1145 312 1208 l.
345 1143 425 1208 att:
463 1163 587 1229 «prora
618 1143 727 1209 lunem
758 1142 833 1230 legit
864 1147 965 1230 Argus
988 1139 1028 1208 ab
1053 1142 1162 1222 altan3
1196 1142 1270 1208 ibid.
1295 1143 1377 1206 llll:¹

177 1273 300 1342 nprora'
338 1255 488 1342 splendet
529 1270 581 1322 tua
614 1259 721 1344 cuspis
752 1255 794 1321 ab
830 1257 936 1334 altan;
986 1257 1062 1322 ibid.
1100 1257 1180 1322 597:
1227 1257 1378 1321 «nuntius

172 1367 258 1436 hunc
289 1369 370 1436 solio
402 1371 522 1436 lloreas
551 1371 721 1458 proturbat
743 1367 785 1435 ab
810 1371 918 1452 alto»;
948 1373 994 1438 lll.
1018 1373 1101 1448 ,iile
1134 1371 1257 1437 olundo
1282 1369 1378 1437 veluti

175 1503 248 1552 cum
286 1484 383 1550 Cotus
420 1487 450 1550 ib
490 1486 599 1568 imou;
645 1487 706 1553 Vll.
743 1487 823 1551 623:
870 1485 938 1550 tad
975 1485 1054 1552 dirae
1093 1501 1189 1573 quarn
1226 1505 1297 1552 cum
1328 1487 1379 1550 Ti-

177 1598 323 1688 rynthius
346 1598 463 1690 hydrae
486 1601 656 1688 agminat3
680 1601 750 1668 lllll.
772 1601 854 1665 288:
882 1621 1049 1688 «quaeque
1070 1594 1123 1665 dia
1143 1600 1248 1666 luerat
1263 1599 1378 1685 raptim

176 1713 310 1780 formata
334 1713 394 1779 sub
420 1735 523 1781 uno».
568 1716 729 1802 Nusquam
753 1735 832 1781 vero
857 1713 915 1779 bas
938 1715 1183 1800 prepositiones
1202 1716 1243 1778 ita
1261 1714 1380 1800 positas

175 1827 331 1902 iuvenies,
355 1838 389 1891 ut
413 1838 446 1893 et
468 1847 486 1892 a
509 1826 707 1896 substantivo
731 1841 765 1896 et
786 1829 828 1895 ab
853 1831 922 1895 eius
945 1828 1102 1894 attributis
1125 1821 1257 1915 prorsus
1284 1846 1379 1912 sepa·

178 1954 258 2007 ratae
281 1933 387 2027 sina).
434 1943 538 2021 Quum
568 1945 651 2009 enim
682 1944 738 2010 nisi
770 1963 843 2010 oum
873 1963 949 2010 casu
974 1942 1079 2030 aliquo
1104 1943 1283 2008 coniunctae
1306 1961 1380 2006 sene

178 2077 249 2122 sum
272 2076 336 2120 non
360 2054 513 2134 habeant,
539 2077 594 2125 eas
617 2060 647 2124 in
672 2071 804 2126 externa
828 2043 959 2147 quoque
985 2057 1156 2122 verborum
1171 2057 1255 2123 serie
1272 2056 1380 2142 aliquo

179 2170 292 2237 saltem
316 2169 412 2236 modo
437 2191 510 2238 cum
533 2171 585 2240 illo
609 2172 778 2241 cohaerere
802 2193 937 2240 necesse
961 2183 1019 2238 est.

247 2285 343 2351 Plane
367 2284 427 2350 alia
451 2286 713 2374 praepositionum
738 2287 1154 2378 dissyllaborumratioesu
1179 2283 1381 2373 quaeadvcr-

183 2398 306 2464 biorum
338 2399 367 2463 vi
399 2402 511 2487 positae
543 2401 603 2465 iam
629 2417 688 2488 per
710 2423 746 2468 se
770 2415 890 2469 certam
920 2401 1229 2490 determinatamque
1252 2412 1380 2465 senten-

182 2518 256 2578 tiam
281 2512 404 2580 babere
428 2527 572 2601 possunt.
615 2517 823 2604 Quapropter
836 2517 1009 2593 interdum,
1032 2526 1065 2580 ut
1083 2515 1275 2604 lleisigius7)
1290 2525 1382 2580 recte

184 2639 308 2706 monet,
345 2626 412 2694 lieri
438 2640 557 2716 potest,
597 2642 631 2696 ut
660 2632 814 2698 eiusmodi
839 2633 910 2698 voci
934 2625 1013 2698 lalso
1038 2630 1273 2717 praepositionis
1295 2629 1382 2694 notio

182 2743 355 2822 tribuatur,
379 2741 432 2809 ubi
457 2765 492 2810 re
516 2765 593 2811 vera
616 2744 761 2811 adverbii
784 2748 854 2814 vice
878 2746 1023 2834 iungitur.
1068 2746 1137 2822 Sic,
1169 2757 1202 2810 ut
1233 2765 1251 2811 e
1282 2743 1383 2808 Valeri

185 2837 325 2924 carmine
350 2858 532 2946 exemplum
563 2860 712 2937 afferam,
743 2862 773 2926 in
796 2862 848 2938 iis,
879 2881 952 2948 quae
982 2861 1026 2926 tv.
1059 2862 1100 2925 lu
1132 2858 1294 2947 leguntur:
1333 2860 1383 2921 rit

182 2993 281 3058 super
305 2992 391 3060 aegra
421 2994 539 3060 parens
570 2975 778 3062 queriturque
810 2972 1005 3040 tumentibus
1028 2973 1144 3039 undis»
1171 2973 1287 3038 dubius
1310 2989 1383 3038 esse

185 3086 303 3171 possis,
341 3100 445 3152 utrum
479 3109 542 3154 vox
570 3109 666 3176 super
694 3085 928 3174 praepositionis
953 3089 1013 3154 vim
1037 3087 1158 3154 babeat
1181 3101 1213 3152 et
1236 3107 1308 3152 cum
1331 3107 1384 3151 se·

185 3198 356 3284 quentibus
377 3199 557 3267 vocabulis:
585 3201 808 3268 «tumentibus
826 3202 942 3269 undis»
962 3202 1184 3292 coniungenda
1201 3203 1256 3279 sit,·
1271 3217 1383 3267 neone.

183 3315 381 3380 burmannus
412 3315 541 3403 quidem
574 3337 644 3382 earn
676 3315 865 3382 adverbium
890 3330 923 3383 et
945 3337 1019 3406 quae
1042 3330 1219 3406 sequuntur
1242 3315 1382 3382 dativum

183 3445 293 3494 casum
318 3450 390 3496 esse
414 3430 496 3506 vult,
527 3430 632 3496 Ovidii
661 3430 766 3497 locum
791 3431 950 3518 allegans,
986 3432 1040 3518 qui
1068 3432 1138 3498 last.
1170 3432 1200 3497 V.
1224 3430 1288 3496 233
1312 3428 1385 3496 haec

184 3543 299 3609 habet:
326 3543 434 3620 cibat,
478 3557 511 3611 ut
541 3545 676 3613 Oceano
699 3561 890 3634 quereretur
914 3548 996 3613 lacta
1021 3546 1121 3610 mariti
1136 3569 1163 3611 a.
1216 3546 1297 3623 Quae
1329 3564 1384 3609 ex-

185 3657 312 3742 plicatio
336 3659 365 3724 in
392 3657 492 3724 Valeri
516 3661 588 3727 loco
613 3661 733 3727 admitti
759 3673 885 3748 posset,
914 3663 938 3726 si
968 3661 1103 3727 uerbum
1135 3657 1291 3748 querendi
1321 3680 1385 3723 non

184 3771 331 3839 absolute
355 3773 492 3860 positum
517 3787 620 3857 esset3
644 3797 715 3842 nam
741 3776 798 3842 etsi
823 3776 943 3863 optime
968 3775 1029 3841 dici
1044 3786 1167 3862 potest:
1192 3774 1275 3839 lacta
1291 3772 1385 3838 alicui

183 3887 288 3971 queri,
314 3886 331 3953 i.
356 3909 385 3954 e.
407 3891 488 3954 inter
512 3892 662 3977 querelas
686 3912 833 3968 narrare,
864 3905 969 3956 tamen
993 3902 1069 3976 apte
1093 3889 1154 3956 dici
1179 3888 1289 3974 nequit
1310 3887 1385 3952 sim·

184 4000 323 4086 pliciter:
362 4000 455 4068 alicui
493 4006 594 4090 queri.
654 4007 815 4072 Praeterea
851 4005 914 4072 hoc
950 4005 1022 4072 loco
1054 4002 1187 4070 verbum
1226 4001 1385 4089 querendi

183 4117 380 4200 paratactioe
413 4116 555 4184 additum
585 4134 633 4187 est
657 4143 716 4207 pro
741 4121 924 4207 participio,
959 4139 1030 4186 narn
1066 4119 1115 4182 «it
1145 4119 1381 4205 queriturque»

217 4377 238 4447 ⁶)
256 4378 317 4434 Una
334 4380 499 4449 praeposilio
518 4386 593 4452 pei,
613 4384 638 4438 si
655 4385 685 4438 in
704 4385 947 4440 obsecrationibus
966 4385 1129 4470 adhibetur,
1148 4383 1313 4453 excipienda
1332 4385 1385 4451 aab,

260 4475 295 4529 de
313 4494 366 4545 qua
384 4477 463 4532 infra.
485 4511 519 4520 »-
541 4482 560 4551 ⁷)
577 4500 603 4536 v.
622 4483 640 4536 l.
662 4499 684 4535 o.
705 4483 729 4553 ξ,
