3054 5048
742 243 779 308 tt

164 425 376 514 explicatione
401 423 558 490 ablativus
582 445 644 487 uon
669 420 709 485 ad
736 419 869 485 verbum
894 419 1036 494 fovendi,
1066 420 1123 484 sed
1156 421 1194 485 ad
1227 423 1362 489 alterum

164 542 416 627 comparativum
458 541 641 626 pertineret.
697 537 761 602 Sed
801 537 898 602 multo
938 536 1109 601 faciliorem
1139 539 1363 626 aptioremque

165 657 409 742 explicationem
442 655 516 719 mibi
549 653 707 719 invenisse
732 651 856 726 videor,
888 673 1000 716 vocem
1022 652 1200 738 potioribus
1222 651 1361 720 dativum

165 775 380 858 interpretans
404 783 436 837 et
460 793 531 837 cum
557 768 658 834 verbo
683 766 811 832 fovendi
836 768 1045 855 coniungens3
1084 767 1113 832 id
1138 780 1243 834 tamen
1268 771 1363 858 Wag-

162 910 241 955 nero
266 888 438 959 assentior,
470 885 648 972 potioribus
677 882 838 948 masculini
869 886 996 970 generis
1028 905 1099 948 esse
1125 896 1155 947 et
1183 883 1361 972 significare

161 1003 308 1067 bomines
333 1002 507 1088 digniores,
547 1007 631 1067 viros
660 1003 773 1064 virtute
806 1001 1058 1084 prestantiores,
1087 999 1125 1063 el.
1149 1001 1222 1064 Hor.
1248 1001 1281 1065 11.
1304 1014 1362 1066 sat.
1384 991 1388 994 ’

163 1123 198 1193 5,
223 1121 276 1183 76.
322 1117 484 1180 Sententia
510 1116 603 1203 igitur
625 1115 697 1180 ltaec
722 1126 784 1179 est:
810 1113 975 1204 Calydone
999 1127 1098 1189 satus,
1123 1117 1140 1180 i.
1157 1138 1185 1182 e.
1201 1117 1363 1204 Meleager

96 1206 98 1210 .
161 1235 229 1308 ille,
263 1233 315 1320 qui
340 1229 535 1318 potioribus,
564 1233 582 1296 i.
606 1253 635 1296 e.
659 1242 768 1295 contra
794 1233 948 1316 potiores,
986 1229 1146 1294 deteriora
1171 1232 1268 1305 fovet,
1307 1234 1360 1319 qui

165 1350 239 1413 viris
264 1350 378 1412 virtute
403 1345 633 1411 excellentibus
654 1366 784 1429 semper
808 1347 931 1432 iniquus
955 1357 1012 1410 est.
1056 1346 1187 1410 Dativus
1211 1347 1292 1412 enim
1313 1360 1362 1412 est

162 1455 286 1527 dativus
309 1461 469 1528 commodi
500 1461 551 1526 vel
582 1459 788 1536 incommodi,
825 1481 920 1546 quem
952 1472 1080 1534 vocant.
1120 1473 1152 1526 et
1180 1467 1360 1548 comparari

161 1589 269 1665 potest
292 1578 325 1642 V.
349 1577 430 1641 65l:
456 1575 597 1663 „quibus
619 1575 692 1642 baec
716 1577 782 1641 fera
809 1595 968 1640 murmura
994 1567 1131 1651 iactas'“,
1161 1576 1179 1641 i.
1204 1598 1232 1642 e.
1255 1579 1283 1642 in
1310 1579 1358 1644 vel

162 1705 273 1760 contra
298 1714 388 1779 quos.
434 1694 597 1759 Sententia
621 1705 742 1768 autem,
777 1693 858 1778 quae'
882 1690 942 1756 bac
974 1691 1185 1776 explicatione
1216 1691 1359 1769 allicitur,

162 1809 298 1874 maxime
330 1819 545 1874 consentanea
577 1819 633 1873 est.
682 1809 760 1872 Nam
793 1807 884 1870 velim
916 1807 1102 1873 consideres
1132 1809 1359 1873 sententiarum

164 1946 292 1991 nexum.
344 1924 496 1989 Telamon
528 1923 672 1989 Herculis
702 1923 917 1988 tortitudinem
950 1923 1079 2008 egregie
1108 1921 1359 2008 praedicaverat:

164 2061 252 2114 „non
290 2038 384 2104 alium
420 2051 531 2104 contra
563 2038 710 2111 alciden,
757 2059 818 2102 non
850 2048 982 2122 pectora
1014 2048 1100 2102 tanta
1132 2059 1227 2123 posse
1264 2039 1358 2104 dari·‘

161 2154 201 2240 (v.
232 2155 327 2235 bll);
364 2155 463 2221 ceteri
501 2175 578 2219 vern
620 2154 712 2218 nimia
742 2154 789 2217 sui
820 2151 934 2217 fiducia
965 2153 1036 2219 elati
1067 2153 1236 2219 Herculem
1268 2157 1357 2240 parvi

163 2269 379 2335 aestimabant:
403 2293 522 2348 „unum
548 2281 633 2334 tanto
656 2269 746 2332 atore
770 2280 873 2343 creto,
903 2289 963 2334 nec
986 2268 1087 2334 minos
1111 2270 1140 2332 in
1164 2249 1237 2336 sese
1260 2291 1359 2357 gene-

160 2388 203 2451 ris
226 2385 423 2474 dextrasque
447 2399 595 2473 potentes
619 2405 691 2449 esse
715 2383 845 2448 lerunt“
873 2387 917 2464 (v.
948 2385 1042 2464 630),
1079 2384 1220 2470 inprimis
1249 2397 1356 2452 autem

160 2499 321 2589 Meleager
350 2522 408 2566 eos
438 2499 608 2566 instimulat
641 2499 850 2585 latentesque
880 2499 913 2578 (i.
944 2520 972 2564 e.
999 2498 1058 2564 sibi
1082 2499 1237 2584 latentes)
1262 2500 1358 2580 ducit,

160 2628 253 2681 notus
276 2616 344 2691 ille,
369 2614 421 2703 qui
445 2635 576 2700 semper
599 2616 672 2680 viris
696 2613 968 2700 praestantioribus
984 2611 1155 2679 invidiosus
1169 2626 1217 2679 est
1230 2637 1358 2684 eorum-

160 2751 224 2817 que
249 2731 377 2795 consilia
402 2751 533 2816 semper
556 2732 585 2796 in
617 2731 760 2818 peiorem
787 2741 909 2814 partem
935 2728 1135 2815 interpretari
1158 2730 1280 2805 studet.
1318 2733 1358 2801 cl.

160 2867 214 2922 ea,
240 2867 313 2934 quae
338 2869 366 2912 v.
389 2847 453 2910 676
477 2867 524 2934 sq.
547 2845 589 2911 de
613 2845 750 2911 Hercula
773 2843 865 2908 dicit:
884 2842 964 2918 ,itte
981 2845 1030 2908 vel
1046 2845 1155 2910 insano
1171 2845 1356 2914 iamdudum

158 2960 305 3026 turbidus
328 2972 423 3037 aestu,
459 2960 510 3027 vel
533 2975 624 3047 parta
649 2963 709 3025 iam
733 2959 828 3025 laude
853 2971 976 3022 tumens
1000 2961 1157 3025 consortia
1182 2962 1275 3028 lamae
1299 2963 1358 3030 de-

159 3075 252 3162 spicit
275 3095 314 3141 ac
338 3077 453 3141 nostris
476 3077 551 3141 serni
576 3097 686 3143 comes
714 3075 823 3140 abnuit
847 3075 924 3140 actis
934 3082 959 3141 “.
1010 3074 1088 3140 Vide
1118 3075 1279 3144 hominem
1310 3081 1357 3145 in-

160 3191 314 3255 vidiosum
346 3202 378 3256 et
410 3190 594 3256 criminandi
625 3191 790 3277 cupidum,
828 3190 881 3276 qui
920 3190 1097 3276 potioribus
1126 3193 1199 3258 viris
1226 3215 1357 3282 semper

159 3304 319 3370 deteriora
345 3305 447 3371 fovet!

248 3421 439 3487 Nisiomnia
469 3443 520 3486 me
552 3421 675 3496 fallunt,
710 3421 781 3488 baec
812 3423 1029 3508 interpretatio
1062 3422 1158 3488 multo
1190 3425 1356 3492 meliorem

158 3555 285 3601 sensum
312 3547 419 3625 poetae
443 3537 551 3602 verbis
574 3535 704 3612 subicit,
741 3558 836 3623 quam
867 3538 892 3602 si
917 3557 989 3602 cum
1014 3537 1173 3625 Wagnero
1197 3540 1355 3626 explicas:

157 3648 351 3737 Meleagrum
390 3650 515 3716 solitum
550 3652 646 3718 fuisse
681 3652 842 3718 deteriora
874 3652 978 3718 studia
1005 3653 1138 3730 sectari,
1179 3674 1274 3741 quam
1306 3675 1355 3733 ea,

157 3785 232 3852 quae
256 3765 311 3829 viri
336 3765 496 3854 digniores
520 3779 552 3832 et
576 3767 814 3853 prestantiores
836 3769 953 3835 sectari
976 3766 1091 3834 solent.

244 3882 313 3946 lam
337 3900 416 3945 vero
445 3901 499 3960 ea,
539 3902 612 3970 quae
643 3895 834 3970 sequuntur:
865 3883 1242 3974 „semperqueinversa
1273 3887 1355 3952 tueri

155 3994 280 4060 durus“
311 4016 383 4062 cum
408 4007 514 4062 nostra
539 3997 751 4083 explicatione
775 3999 896 4085 optime
924 4010 1110 4088 congruunt.
1162 4001 1239 4067 Haec
1270 4002 1354 4067 enim

154 4110 196 4174 ita
226 4110 379 4199 intelligo,
418 4122 452 4175 ut
487 4114 615 4178 t‘ncersa
651 4115 734 4179 tueri
768 4113 884 4180 eodem
916 4113 1013 4180 modo
1043 4112 1162 4179 dictum
1199 4116 1253 4192 sit,
1289 4137 1354 4204 quo

155 4221 340 4292 transversa
363 4228 446 4292 tueri
467 4229 501 4294 ll.
526 4227 604 4292 tat:
635 4278 652 4306 „
662 4227 825 4314 pellicem,
858 4249 953 4318 quam
977 4230 1038 4294 iam
1062 4228 1196 4296 miseros
1220 4231 1354 4297 infantes

154 4348 336 4406 transversa
360 4352 502 4409 tuentem
526 4342 714 4430 cern0“.⁵¹)
761 4343 957 4410 Describitur
987 4344 1080 4432 igitur
1109 4343 1206 4411 bomo
1229 4344 1364 4412 invidus·

154 4483 418 4495 ——-—.—

172 4551 205 4620 11)
224 4551 260 4607 cf.
279 4556 426 4622 praeterea
442 4553 464 4609 1.
482 4554 530 4610 38:
550 4557 634 4625 „tum
651 4548 780 4611 iuvenem
798 4555 950 4625 tranquilla
968 4559 1050 4612 tuens
1068 4573 1120 4612 nec
1139 4556 1234 4614 fronte
1251 4557 1360 4663 timp-1:
