3054 5048
6 4505 16 4540 d

707 230 747 296 ld

129 408 228 473 lunai>
263 425 339 492 pror
374 405 434 471 sed
466 371 573 473 brevis
596 406 668 472 luna
694 407 776 474 banc
801 408 862 471 lata
888 407 1043 472 ferentem
1069 419 1147 482 etc,
1178 408 1224 471 lV.
1248 410 1331 478 5tt2

132 519 261 586 «fidere
286 510 376 588 mens
398 521 457 587 sed
482 533 588 588 nostru
606 523 730 610 nequit;
753 522 800 586 Vl.
814 522 895 587 653:
922 521 1095 630 «Aesoniae
1110 521 1331 590 vulnuslatale

114 635 186 702 ‘sed
212 634 353 702 hastaeu.
405 636 468 723 Ipsi
500 635 601 702 verbo
632 633 719 702 finito
750 638 806 702 sed
837 636 1048 724 postpositum
1081 649 1130 702 est
1158 637 1218 704 llll.
1250 637 1331 712 liii

130 750 230 816 adata
254 751 404 818 continuo
427 751 485 817 sed
511 751 634 840 cingula
658 751 716 817 soli
741 746 848 818 nostra
873 751 953 817 tibi»
982 771 1058 837 pro:
1089 750 1148 816 sed
1180 753 1331 821 continuo

128 865 252 954 cingula
284 877 391 932 nostra
423 865 478 931 tibi
509 865 566 931 soli
596 864 669 931 data
698 879 789 944 sonti
827 879 859 932 et
886 867 923 932 lt.
958 868 1037 932 t5tt:
1075 866 1186 951 «picta
1219 887 1331 934 manus

130 993 268 1068 ustoque
305 979 413 1068 placet
446 979 505 1047 sed
538 979 676 1046 barbara
706 993 841 1046 monton
870 1002 944 1067 pro:
981 979 1039 1045 sed
1072 978 1214 1048 barbara
1246 982 1331 1067 picta

131 1075 244 1161 manus
272 1094 304 1180 (i.
333 1116 362 1161 e.
392 1116 466 1183 quae
497 1115 609 1162 manus
640 1095 741 1182 pictas
770 1095 880 1182 habet)
911 1105 1049 1181 ustoque
1079 1105 1187 1162 mento
1215 1096 1332 1184 placet,

132 1212 163 1278 ln
189 1209 270 1275 libro
293 1208 411 1275 deinde
435 1209 480 1284 tv,
503 1231 531 1276 v.
554 1209 619 1278 t83
643 1208 725 1279 banc
749 1209 936 1297 particulam
961 1206 1010 1273 vel
1034 1218 1126 1272 sexto
1151 1208 1222 1276 loco
1247 1215 1333 1297 posi·

133 1337 196 1388 tam
222 1322 377 1400 haberes,
415 1324 440 1389 si
470 1323 500 1388 id
532 1323 619 1412 quod
652 1299 764 1390 omines
788 1323 945 1390 editiones
969 1321 1137 1398 exhibent,
1177 1336 1265 1391 recte
1296 1349 1332 1398 se

134 1438 284 1505 baberet:
311 1459 399 1505 oneo
422 1459 531 1515 casus,
568 1435 610 1505 ab
634 1440 700 1506 alto
725 1439 794 1525 ipse
819 1439 931 1505 volens
953 1436 1066 1502 uostris
1089 1435 1147 1502 sed
1173 1459 1229 1506 vos
1252 1439 1334 1509 deus

134 1553 257 1640 appulit
278 1553 386 1626 oris»,
411 1573 485 1641 quae
514 1550 614 1619 verba
638 1551 679 1617 ab
704 1551 851 1621 omnibus
874 1553 915 1616 ita
939 1551 1185 1638 distinguuntur,
1221 1566 1254 1619 ut
1278 1577 1335 1624 vo·

133 1667 248 1735 cabula
277 1667 317 1732 ub
347 1666 411 1733 ulto
442 1666 564 1745 adea,
604 1688 678 1754 quae
708 1679 898 1756 sequuntur,
937 1667 1108 1734 referenda
1138 1667 1207 1733 sint
1268 1671 1332 1742 Sed

134 1782 209 1851 Phil.
233 1783 466 1872 Wagnerus¹⁹)
490 1781 575 1860 iure,
611 1795 644 1846 ut
667 1781 741 1848 mihi
767 1781 904 1858 videtur,
934 1781 1071 1858 monuit,
1102 1782 1259 1848 vocabula
1283 1784 1335 1851 illa

135 1899 253 1963 rectius
276 1895 316 1961 ad
341 1895 560 1982 praecedentia
583 1896 712 1975 referri,
735 1917 774 1963 ac
798 1908 971 1984 propterea
995 1895 1336 1984 signumdistinctionis

137 2024 210 2102 post
240 2031 353 2078 vocem
384 2009 447 2074 olto
478 2010 662 2096 ponendum
695 2032 777 2078 esse.
830 2012 883 2078 Sic
912 2012 1005 2099 igitur
1035 2009 1134 2076 uerba
1164 2013 1334 2101 coniungor

137 2147 197 2193 nec
221 2124 377 2194 casus'ab
403 2124 466 2192 alto
490 2145 547 2192 vos
570 2126 708 2213 appulit,
730 2126 788 2194 sod
814 2127 882 2214 ipse
906 2125 988 2194 deus
1011 2124 1122 2191 volens
1146 2148 1203 2194 vos
1220 2131 1335 2197 nostris

135 2242 198 2309 oris
221 2241 352 2328 appulit

222 2357 289 2422 Alia
313 2355 507 2443 proprietas,
539 2375 634 2443 quam
659 2366 767 2443 poetae
790 2355 820 2419 in
844 2354 1054 2426 collocatione
1078 2357 1335 2424 coniunctionum

136 2471 319 2548 admittunt,
357 2469 387 2534 in
416 2492 456 2537 eo
488 2471 590 2558 posita
615 2483 679 2548 est,
717 2479 751 2538 ut
775 2469 1029 2538 coniunctionem
1055 2471 1096 2535 ita
1120 2483 1335 2559 transponant,

137 2597 170 2652 ut
199 2587 280 2650 inter
314 2606 385 2650 eam
417 2598 449 2652 et
472 2586 554 2650 illam
580 2605 710 2662 vocem,
748 2604 822 2672 quae
853 2583 1045 2676 adiungitur,
1076 2586 1137 2651 alia
1169 2586 1336 2666 vocabula,

136 2701 329 2790 praesertim,
365 2699 439 2788 qum
468 2700 594 2792 utrique
618 2697 765 2766 membro
793 2699 974 2766 communia
1001 2712 1092 2777 sunt,
1124 2702 1335 2768 intercedant.

223 2815 287 2884 Tali
312 2817 434 2882 ratione
450 2815 592 2902 inprimis
616 2813 855 2910 coniunctiones
882 2815 978 2900 quel
1001 2836 1065 2892 -oe,
1090 2837 1163 2902 quae
1181 2816 1336 2882 encliticae

138 2943 307 3008 vocantur,
338 2940 599 3016 transponuntur,
633 2943 665 2994 et
687 2914 878 3018 plerumque
902 2929 959 3005 ita,
1001 2942 1034 2994 ut
1057 2931 1191 2996 verbum
1216 2929 1336 2995 linitum

138 3047 372 3133 interponatur,
397 3046 435 3113 cl.
459 3056 493 3109 ut
516 3042 666 3130 exemplo
690 3052 776 3120 utar,
807 3042 909 3110 Valer.
934 3043 974 3109 El.
997 3045 1034 3116 ll.
1057 3044 1139 3122 l3l,
1171 3044 1224 3118 ubi
1250 3046 1338 3110 navi-

135 3163 219 3248 gatio
244 3157 451 3228 describitur:
478 3171 577 3224 «tunc
601 3160 738 3224 Lemnos
762 3158 936 3245 transitque
951 3158 1084 3224 Electria
1101 3158 1234 3234 tellus»,
1260 3180 1336 3246 prot

137 3265 212 3342 tunc
233 3277 370 3344 Lemnos
393 3286 426 3340 et
448 3261 583 3340 Electria
607 3273 701 3340 tellus
723 3272 842 3337 transit.
894 3272 962 3338 Hac
992 3271 1165 3339 verborum
1198 3273 1339 3340 colloca·

137 3391 222 3458 tione
246 3400 310 3457 tota
334 3391 490 3456 sententia
516 3400 676 3475 tamquam
701 3389 731 3453 in
754 3369 835 3453 duas
858 3385 1021 3464 dividitur,
1050 3389 1197 3478 sequenti
1221 3387 1339 3467 modoq

136 3518 210 3572 tunc
241 3507 377 3572 Lemnos
408 3506 518 3572 transit
551 3504 725 3590 transitque
755 3503 888 3570 Electria
921 3502 1023 3568 tellus.
1069 3503 1104 3567 Et
1128 3523 1242 3568 revera
1268 3504 1340 3569 llei-

135 3621 288 3710 sigius²⁰)
311 3621 350 3686 ita
376 3619 418 3688 do
442 3619 505 3685 hoc
529 3640 585 3682 usu
610 3617 765 3704 loquitur,
789 3620 878 3705 quasi
903 3638 962 3702 per
985 3616 1107 3704 ellipsin
1132 3617 1340 3703 explicandus

137 3738 193 3817 sit;
216 3733 288 3800 haec
312 3735 395 3801 enim
419 3746 492 3800 sunt
514 3733 582 3798 eius
606 3732 720 3801 verba:
747 3715 847 3799 «Eine
871 3732 992 3798 andere
1016 3731 1231 3797 dichterische
1256 3731 1339 3803 Com

134 3852 287 3917 struction
311 3849 350 3913 ist
372 3847 440 3925 die,
464 3869 515 3914 wo
539 3835 620 3915 nwei
643 3848 758 3914 Stitzen
783 3849 834 3914 ein
852 3845 1184 3936 gemeinschaftlicbes
1200 3843 1335 3911 verbum
1400 3891 1405 3899 -

137 3962 284 4052 gegeben
309 3963 405 4039 wird,
436 3962 499 4028 und
529 3962 635 4027 dieses
667 3963 696 4030 in
720 3962 773 4028 die
796 3964 882 4030 Mitte
906 3961 965 4030 der
988 3961 1125 4050 librigen
1147 3961 1259 4026 Worte
1283 3982 1339 4050 ge-

136 4077 236 4155 stellt,
267 4099 327 4164 que
349 4077 527 4163 emplangt,
560 4076 717 4143 wodurcb
741 4077 799 4143 das
824 4077 983 4164 Doppelte
1007 4076 1066 4141 der
1089 4055 1187 4140 Sdtze'
1207 4075 1261 4139 mit
1284 4096 1340 4162 ga·

137 4189 441 4284 meinsobnltlichem
468 4189 602 4256 verbum
626 4204 692 4258 erst
714 4191 858 4280 gebildet
881 4190 977 4267 wird‚
1014 4212 1051 4256 so
1087 4189 1162 4262 dass
1185 4210 1256 4256 man
1282 4189 1340 4265 das

157 4438 189 4508 ¹⁹)
206 4454 232 4495 v.
251 4434 350 4500 Philol.
370 4435 467 4506 Jahrg.
485 4436 537 4490 XX
555 4436 582 4490 S.
602 4439 662 4493 638.
683 4467 716 4478 -
735 4438 773 4506 ²⁰)
787 4455 813 4498 tt·
833 4437 857 4508 ξι
877 4438 938 4498 233,
