3054 5048
777 209 817 276 ll

199 385 333 454 verbum
366 384 534 474 eigcntlich
566 383 701 470 doppclt
732 383 860 450 denken
884 388 956 464 soll,
997 372 1133 459 o'aimlich
1166 395 1250 462 noch
1281 397 1395 462 einmal

198 527 256 569 vor
279 525 374 590 que».
419 505 563 566 Attamen
587 519 649 564 non
674 509 763 564 recte
786 497 848 567 dici
873 513 992 588 potest,
1033 507 1166 573 verbum
1191 531 1250 596 per
1272 511 1395 596 ellipsin

197 619 238 685 ad
264 619 351 705 prius
375 614 554 681 membrum
578 612 762 680 addendum
787 637 877 693 esse;
909 630 997 684 recte
1027 623 1110 686 enim
1140 625 1303 712 llriigerus
1327 646 1394 691 mo·

197 739 321 816 net²¹):
359 730 460 797 «dass
490 728 571 794 aber
593 727 682 794 diese
705 729 849 818 Stellnng
872 729 931 796 des
952 753 1011 819 que
1040 735 1126 802 nicht
1150 738 1319 827 eigentlich
1341 740 1398 804 aul

196 852 285 917 einer
309 851 337 913 in
362 844 538 913 Gedanken
561 841 810 911 stattlindenden
835 845 1020 937 Erganzung
1043 848 1102 916 des
1125 851 1216 918 verbi
1230 854 1271 918 im
1286 866 1393 920 ersten

195 963 308 1031 Gliede
338 960 472 1036 beruht,
511 958 615 1048 ergibt
644 960 713 1026 sich
742 979 800 1025 aus
830 958 890 1026 der
919 959 1116 1052 Anhangung
1149 965 1322 1034 desselben
1351 989 1392 1033 an

194 1080 316 1146 andere
340 1077 468 1142 Wbrter
491 1074 550 1140 des
572 1073 708 1139 zweiten
725 1073 890 1143 Gliedesr.
919 1076 1045 1142 Revera
1060 1078 1144 1143 onim
1159 1078 1223 1147 hoc
1238 1080 1391 1170 loquendi

191 1215 292 1283 genus
315 1212 378 1256 non
402 1190 529 1256 aliunde
554 1188 779 1276 explicandum
804 1201 868 1267 est,
899 1211 994 1279 quam
1018 1211 1058 1255 err
1088 1212 1201 1279 magna
1232 1195 1389 1274 libertate,

191 1329 255 1397 qua
280 1316 386 1393 poetae
418 1304 447 1368 in
472 1302 701 1390 postponendis
732 1305 1042 1393 transponendisque
1066 1309 1228 1393 particulis
1251 1323 1389 1378 utuntur.

192 1427 231 1490 Ut
253 1423 336 1489 enim
362 1419 603 1507 praepositiones
635 1417 793 1484 interdum
822 1439 840 1484 a
871 1440 952 1486 voce
983 1441 1040 1484 sua
1064 1421 1131 1488 aliis
1155 1421 1320 1491 vocabulis
1344 1426 1389 1490 in·

190 1537 351 1626 terpositis
373 1544 579 1623 separantur,
614 1533 730 1600 eodem
762 1534 859 1601 modo
891 1535 1055 1620 particulae
1079 1538 1285 1624 copulativae,
1324 1539 1388 1606 dis-

191 1653 338 1720 iunctivae
361 1650 513 1737 aliaeqoe,
538 1647 605 1713 aliis
628 1669 723 1735 quam
748 1648 788 1714 ad
814 1671 893 1737 quas
917 1651 1047 1737 proprie
1070 1653 1247 1738 pertinent,
1270 1655 1388 1720 oratio·

189 1770 236 1836 nis
267 1764 410 1854 partibus
444 1761 666 1828 attribuuntur.
724 1763 818 1842 Quod
855 1779 961 1832 autom
1000 1765 1069 1830 lero
1100 1766 1233 1833 verbum
1266 1768 1385 1834 linitum

187 1881 413 1968 interponitur,
436 1878 549 1942 mirum
566 1898 713 1944 essenon
731 1892 851 1966 potest;
874 1881 919 1947 sic
934 1883 1033 1956 enim,
1057 1893 1089 1945 ut
1108 1881 1386 1970 tttttenburgerw)

187 1996 352 2068 observat,
381 1993 508 2080 species
538 1993 642 2079 aliqua
667 1994 911 2060 constructionis
932 1986 994 2060 ἀπὸ
1019 1997 1131 2061 κοινοῦ
1156 1994 1307 2073 allicitur,
1338 1998 1383 2062 ni·

186 2115 299 2178 mirum
325 2103 363 2174 ut'
381 2130 477 2173 unum
502 2105 692 2173 vocabulum
718 2109 865 2196 utrinque
889 2108 1041 2180 trahatur.
1085 2112 1196 2198 Neque
1226 2131 1301 2177 casu
1333 2112 1383 2178 vel

187 2227 279 2294 metri
310 2225 432 2290 ratione
463 2221 592 2288 adducti
629 2234 737 2308 poetae
765 2221 849 2289 hano
886 2223 1044 2320 licen-tiam
1080 2225 1139 2292 sibi
1169 2242 1383 2314 sumpserunt,

186 2363 259 2410 nam
284 2341 346 2407 hoc
370 2335 548 2405 collocandi
572 2356 692 2422 genere
716 2337 746 2402 id
771 2351 997 2425 assequuntur,
1028 2352 1062 2404 ut
1084 2339 1204 2426 singula
1229 2341 1383 2416 membra,

186 2479 260 2548 quae
271 2453 511 2539 coniunguntur,
536 2451 635 2538 magis
658 2453 739 2517 inter
762 2474 798 2518 se
822 2452 1068 2542 distinguantur,
1091 2465 1124 2520 et
1147 2477 1236 2521 mens
1249 2456 1382 2544 legentis

184 2576 214 2639 in
238 2569 367 2658 singuiis
396 2564 497 2653 magis
525 2576 759 2644 commoretur,
795 2567 911 2633 eodem
943 2567 1055 2645 modo,
1087 2579 1121 2633 ut
1149 2590 1246 2656 supra
1283 2571 1312 2636 io
1341 2591 1380 2638 ea

181 2686 443 2777 praepositionum
467 2679 693 2760 collocatione,
732 2703 795 2770 qua
827 2683 1012 2770 praepositio
1042 2684 1211 2770 posteriori
1233 2684 1378 2753 substan·

182 2807 247 2870 tivo
277 2803 334 2868 soli
366 2795 507 2872 additur,
542 2796 604 2861 iam
630 2795 883 2864 observavimus.
939 2797 1033 2878 Quod
1064 2819 1160 2886 quarn
1192 2821 1302 2865 verum
1332 2801 1381 2880 sit,

181 2919 274 2986 lacile
298 2931 489 3002 cognosces,
512 2911 537 2975 si
549 2909 681 2989 locum,
705 2931 802 2998 quem
827 2911 924 2978 modo
949 2935 967 2978 e
992 2911 1093 2978 Valeri
1112 2913 1380 2980 carminelauda·

180 3035 298 3108 vimus,
322 3027 502 3095 accuratius
526 3026 684 3111 inspicere
708 3025 794 3094 velis.
840 3029 937 3096 Poeta
962 3029 1045 3094 euim
1070 3028 1171 3094 verbo
1195 3030 1379 3096 transeundi

179 3151 210 3214 in
235 3146 340 3212 medio
365 3143 469 3230 posito
494 3139 525 3206 id
548 3138 657 3218 elficit,
681 3152 715 3204 ut
738 3154 844 3207 mente
869 3156 976 3209 nostra
998 3157 1101 3210 terras
1125 3143 1192 3234 illas
1215 3158 1378 3233 tamquam

179 3264 265 3330 lente
288 3260 347 3326 sibi
371 3256 585 3324 succedentes
614 3275 653 3321 ac
685 3254 812 3341 placido
842 3276 935 3323 cursu
960 3258 1227 3347 praeterlabentes
1250 3260 1379 3345 conspi-

178 3396 255 3444 cere
279 3372 372 3439 nobis
396 3371 570 3456 videamur.
615 3367 703 3434 ldem
728 3369 893 3436 observari
918 3387 1023 3459 potest
1045 3375 1075 3439 in
1093 3373 1255 3461 plerisque
1268 3394 1378 3438 exem-

179 3491 255 3577 plis,
278 3509 352 3575 qnae
375 3486 478 3552 statim
502 3483 625 3550 allaturi
648 3504 766 3550 sumus
812 3486 1044 3577 Nonnunquam
1069 3489 1141 3555 haec
1158 3486 1376 3552 membrorum

178 3603 336 3670 distinctio
361 3602 401 3666 ita
425 3612 611 3686 comparata
636 3611 700 3676 est,
724 3609 758 3664 ut
781 3602 882 3667 maior
905 3604 951 3669 vis
975 3604 1024 3670 vel
1049 3604 1175 3690 pondus
1198 3600 1327 3688 aliquod
1348 3601 1378 3665 ei

176 3717 450 3802 orationisparti,
473 3733 546 3800 quae
570 3712 714 3779 secundo
738 3711 811 3779 loco
835 3689 980 3800 ponitur,
1000 3717 1151 3795 accedat,
1177 3738 1249 3783 nam
1273 3714 1376 3780 verbo

174 3831 262 3898 finito
286 3828 452 3917 praemisso
477 3826 675 3912 exspectatio
700 3825 833 3913 legentis
856 3843 1019 3910 movetur,
1044 3845 1076 3900 et
1099 3845 1133 3897 ut
1156 3832 1196 3897 ad
1222 3852 1279 3906 ea,
1302 3851 1376 3917 quae

175 3959 369 4035 sequuntur,
392 3943 497 4009 acrius
520 3943 656 4007 animum
681 3939 835 4008 adtendat
869 3947 1002 4034 cogitur.
1062 3945 1282 4028 Quamobrem
1314 3945 1378 4010 Dil-

174 4059 419 4148 lenburgerw),
459 4057 512 4146 qui
535 4057 566 4122 id
592 4055 787 4143 potissimum
812 4056 875 4125 hoc
899 4060 1025 4128 dicendi
1050 4055 1170 4152 gebere
1195 4060 1277 4131 ellici
1303 4060 1376 4137 vult,

173 4189 207 4241 ut
239 4175 372 4240 verbum
405 4173 521 4260 ipsum,
552 4171 602 4238 cui
634 4171 789 4258 particula
819 4173 982 4261 adhaeret,
1022 4177 1175 4243 maiorem
1207 4177 1281 4242 indo
1314 4179 1376 4242 vim

175 4331 443 4348 -α--α

193 4422 227 4491 ²¹)
246 4438 273 4477 v.
294 4418 318 4489 ἓ.
337 4419 389 4474 533
406 4416 440 4474 Α.
459 4420 485 4473 7.
504 4419 566 4473 nol.
584 4418 703 4485 2.—²··’)
721 4436 749 4478 v.
769 4418 804 4473 ad
821 4419 891 4475 Hor.
909 4437 994 4478 carm.
1013 4421 1048 4477 Η.
1066 4425 1091 4478 7.
1110 4425 1154 4478 25.
1173 4453 1208 4465 —-
1228 4422 1261 4492 ²³)
1279 4439 1306 4480 r.
1318 4422 1337 4476 l.
1353 4438 1377 4476 o.
