3054 5048
738 203 776 270 l8

157 379 349 454 coniecturis
378 395 550 468 temptatus
580 395 638 450 est.
690 382 830 448 Valerius
854 379 936 446 enim
963 401 989 446 ν.
1013 380 1072 446 501
1099 403 1147 468 sq.
1190 383 1277 450 lovis
1301 406 1356 451 ce·

156 514 326 586 torumque
350 497 484 564 deorum
508 499 673 584 gandium,
707 518 771 585 quo
804 515 950 584 magnam
980 497 1230 584 Argonautarum
1255 520 1356 585 expc-

157 615 308 682 ditioncm
334 612 626 701 prosequebantur.
657 611 846 678 describens
868 612 909 675 ila
935 610 1052 698 pergit:
1086 632 1174 688 „una
1198 618 1258 692 (sc.
1281 635 1353 678 cum

156 733 251 808 Iove)
275 750 387 794 omncs
409 729 550 815 gaudent
572 728 681 814 superi
707 739 903 813 venturaque
921 724 1038 790 mundo
1053 738 1198 813 tempora
1215 746 1355 814 qnaeque

157 847 224 912 vias
254 856 387 910 cernunt
415 843 476 908 sibi
510 863 660 909 crescere
690 843 836 906 Par·cae“.
897 839 1008 905 Omnis
1042 855 1148 905 autem
1188 841 1356 910 difficultas

157 963 259 1047 posita
284 959 384 1024 estin
409 957 526 1045 duplici
551 955 704 1044 particula
729 976 796 1042 que.
841 955 949 1033 Quare
973 937 1120 1038 Thito'v)
1152 957 1240 1042 prius
1264 971 1356 1044 puta·

157 1074 227 1150 bat,
251 1074 382 1159 „superi
407 1079 629 1158 venturaque“
653 1070 770 1136 dimum
789 1090 860 1135 esse
881 1090 940 1154 pro
964 1070 1163 1157 „superique
1187 1080 1355 1152 ventura“,

155 1191 198 1255 ita
222 1199 256 1253 ut
280 1207 377 1253 voces
400 1188 623 1273 „superiquc“
648 1197 680 1250 et
703 1184 929 1270 ‚,Parcaeque“
958 1189 1145 1270 (quaeque.
1169 1232 1209 1252 ..
1244 1187 1355 1252 Parcae

157 1325 234 1392 pro:
272 1302 448 1388 Parcaeque
480 1301 566 1387 qnae)
597 1298 655 1366 sibi
696 1297 939 1384 responderent.
1002 1297 1067 1364 Sed
1099 1309 1211 1386 postea
1242 1303 1355 1367 merito

155 1418 238 1485 hanc
261 1415 450 1484 sententiam
476 1416 601 1490 reiecit,
624 1435 697 1480 nam
722 1411 790 1479 talis
815 1411 980 1498 particulae
993 1413 1210 1480 transmutatio
1225 1437 1357 1502 prorsus

156 1535 264 1619 inepta
289 1541 384 1598 esset.
431 1529 619 1596 Coniectura
644 1551 735 1604 vero,
759 1547 854 1614 quam
871 1525 960 1592 Thilo
973 1529 1019 1608 ²⁸)
1042 1527 1160 1594 deinde
1180 1532 1356 1616 proposuit,

156 1669 216 1735 pro
239 1639 356 1712 mundo
381 1646 542 1712 coniciens
564 1645 699 1710 laudant
723 1640 773 1708 vel
796 1641 898 1706 simile
922 1641 1016 1729 qnid,
1046 1663 1143 1728 quum
1167 1644 1258 1711 nimis
1281 1647 1355 1709 arti-

155 1737 263 1827 Iloiosa
289 1770 351 1833 est,
391 1773 455 1825 tum
481 1781 519 1826 ea
544 1780 617 1847 quae
640 1768 833 1844 sequunturz
864 1777 1032 1844 „quaeque
1055 1805 1063 1822 .
1087 1806 1095 1823 .
1117 1806 1132 1848 .
1148 1759 1285 1826 Parcae⁴¹
1309 1761 1355 1824 ni-

154 1876 214 1940 mis
237 1874 387 1961 languide
416 1873 524 1939 addita
548 1884 668 1953 essent;
706 1891 778 1937 nam
808 1870 881 1938 haeo
904 1873 1059 1938 sententia
1084 1873 1255 1942 evaderet:
1293 1895 1353 1940 una

156 2010 268 2057 omnes
292 1988 433 2076 gaudent
462 1989 570 2075 superi
599 2000 800 2074 venturaque
832 1997 979 2072 tempora
1010 1986 1140 2052 laudant
1170 1989 1354 2076 Parcaeque,

155 2126 228 2194 quae
254 2105 320 2170 vias
343 2115 478 2170 cernunt
500 2102 559 2168 sibi
584 2121 744 2168 crescere.
795 2102 907 2188 Neque
938 2089 1021 2167 enim
1047 2102 1179 2168 verbum
1205 2103 1353 2170 laudandi

155 2221 273 2285 Parcas
297 2239 356 2306 pro
380 2216 527 2284 subiecto
550 2215 674 2282 habere
705 2225 826 2302 potest,
857 2215 928 2302 quia
966 2216 1120 2302 particula
1152 2240 1210 2307 quc
1239 2217 1354 2288 obstat.

155 2335 186 2401 Si
212 2356 272 2399 vox
297 2331 405 2397 mundi
430 2354 464 2399 re
490 2353 564 2399 vera
591 2329 783 2417 corruptelae
807 2329 903 2396 sedes
928 2342 1029 2405 esset,
1069 2332 1182 2399 melius
1206 2334 1354 2419 prolecto

155 2447 354 2538 participium
393 2446 538 2533 aliquod,
586 2467 635 2512 ex.
673 2466 719 2532 gr.
756 2451 932 2519 „tuentes“
968 2453 1059 2532 (proz
1099 2468 1182 2534 -qne
1219 2447 1354 2526 mundo)

153 2564 332 2638 scriberes,
369 2561 455 2650 quod
488 2563 650 2628 enuntiato
679 2557 813 2625 relativo
846 2561 1069 2646 responderet.
1129 2563 1353 2629 Verumtamen

154 2669 378 2750 emendatione
404 2675 502 2742 verba
527 2685 633 2761 poetae
658 2673 805 2740 mihinon
821 2674 964 2762 indigere
982 2677 1142 2752 videntur,
1167 2698 1237 2742 nam
1256 2690 1353 2752 recte,

154 2809 187 2864 ut
211 2806 304 2885 puto,
329 2793 526 2858 Burmannus
551 2789 635 2856 bunc
657 2790 763 2856 locum
788 2789 1014 2874 interpretatus
1027 2804 1092 2870 est,
1115 2793 1167 2879 qui
1182 2791 1266 2857 bano
1282 2811 1354 2856 esse

154 2911 219 2979 vult
242 2906 415 2974 verborum
439 2907 573 2972 seriem:
605 2924 692 2980 „una
723 2925 795 2970 cum
827 2906 907 2969 love
940 2927 1052 2972 omues
1082 2908 1190 2993 superi
1214 2906 1354 2995 gaudent

153 3039 185 3094 et
208 3027 334 3097 Parcae,
375 3040 448 3107 quae
479 3031 613 3084 cernunt
644 3030 776 3085 ventura
807 3019 926 3086 mundo
957 3031 1102 3106 tempora
1136 3032 1168 3086 et
1196 3021 1263 3088 vias
1293 3019 1351 3086 sibi

152 3145 338 3210 crescere“.
384 3134 574 3216 Obscuritas
598 3136 680 3200 enim
705 3134 779 3200 inde
803 3146 876 3201 nala
900 3147 963 3210 est,
986 3134 1074 3223 quod
1099 3156 1278 3222 pronomen
1300 3157 1352 3202 re·

151 3256 280 3323 lativum
311 3250 353 3317 ab
384 3251 471 3316 initio
501 3250 668 3316 sententiae
697 3264 853 3317 remotum
873 3251 920 3316 'et
955 3248 1082 3315 duobus
1113 3250 1302 3316 accusativis
1333 3269 1351 3315 a

152 3368 255 3440 verbo
286 3365 440 3434 cernendi
470 3365 553 3451 aptis
581 3365 800 3451 interpositum
834 3361 1020 3452 particulam
1046 3385 1119 3451 quc,
1149 3386 1223 3452 quae
1248 3377 1356 3452 poste·

153 3485 226 3552 riori
251 3482 434 3548 accusativo
458 3480 628 3548 adbaerere
653 3478 780 3556 debuit,
815 3473 1002 3567 adsumpsit.
1047 3478 1154 3544 Talem
1180 3501 1257 3548 vero
1282 3502 1357 3568 par·

152 3599 257 3667 tioulae
282 3597 576 3662 transmutationem
601 3615 617 3660 a
644 3594 745 3662 Valeri
770 3595 952 3662 elocutione
977 3614 1038 3658 non
1063 3591 1242 3662 abhorrere
1267 3609 1355 3663 etex

152 3719 203 3792 iis,
240 3732 314 3801 quae
344 3731 442 3798 supra
473 3709 696 3786 disseruimus,
727 3722 878 3797 apparet,
910 3720 943 3776 et
974 3730 1012 3775 ex
1037 3708 1111 3776 loco
1134 3710 1268 3784 Horatii,
1301 3711 1355 3797 qui

151 3844 208 3897 s‘at.
233 3833 253 3894 l.
276 3828 313 3903 I,
340 3825 379 3889 tt
404 3823 476 3890 haec
497 3820 612 3889 habet:
635 3825 698 3899 „Di
723 3822 807 3891 bene
831 3825 977 3891 lecerunt
1000 3826 1103 3910 inopis
1127 3845 1179 3890 me
1199 3823 1353 3912 qnodque
1442 3867 1445 3874 Δ

152 3943 253 4030 pusilli
278 3939 435 4006 finxerunt
465 3938 585 4002 animi·‘
620 3958 695 4023 pro:
727 3939 813 4027 quod
845 3940 948 4024 inopis
979 3940 1145 4027 pusillique
1175 3937 1268 4003 animi
1301 3958 1353 4002 me

151 4055 318 4122 linxerunt.
364 4054 395 4118 Si
428 4052 519 4140 igitur
550 4051 665 4118 eodem
691 4054 788 4119 modo
813 4055 841 4120 in
868 4053 968 4119 Valeri
993 4054 1064 4120 loco
1089 4065 1211 4120 rectum
1237 4049 1354 4118 v‘erbo·

151 4194 220 4239 rum
246 4169 390 4236 ordinem
416 4166 567 4243 restituis,
600 4165 683 4234 banc
707 4168 894 4234 sententiam
919 4155 1071 4234 habebis:
1111 4188 1250 4256 quaeque
1276 4189 1353 4233 ven·

168 4421 204 4487 ²¹)
221 4436 248 4472 v.
266 4416 375 4486 proleg.
392 4432 422 4484 p.
440 4413 536 4470 LVIII.
555 4443 590 4454 -—
610 4413 644 4484 ²⁸)
662 4430 688 4467 v.
706 4414 726 4468 l.
746 4430 771 4467 o.
