3054 5048
725 301 729 308 .
747 249 766 312 7

85 421 90 430 ’
155 426 358 496 substantivis
397 446 529 512 prorsus
559 423 644 489 idem
683 422 932 511 significantibus
973 427 1100 493 omnino
1135 435 1356 513 postponatur.

18 535 24 544 “
157 545 261 622 Quum
291 541 374 605 enim
405 536 562 604 eiusmodi
590 538 786 604 substantiva
814 552 903 605 arcte
935 541 1102 630 coniuncta
1132 547 1293 627 tamqnam
1325 539 1356 601 in

156 676 250 721 unam
276 653 611 729 vocem-coalescant,
652 633 836 738 praepositio
859 652 976 721 codem
1002 656 1100 721 modo
1124 655 1272 743 postponi
1298 675 1355 739 po-

155 783 232 847 test,
256 790 321 856 quo
344 765 473 855 singulis
498 766 631 832 vocibus
654 766 811 833 interdum
835 769 1048 857 postponitur,
1077 791 1183 859 neque
1206 768 1380 836 substan·
1425 790 1430 800 ¹

117 913 119 918 ·
155 886 217 949 tiva
241 883 293 949 illa
318 895 406 948 recte
430 881 471 945 ita
495 883 638 967 separari
664 894 810 968 possunt,
841 897 875 949 ut
903 886 1078 971 praepositn
1109 887 1191 950 inter
1214 883 1354 970 particu-

153 999 216 1065 lam
240 995 453 1084 copulativam
478 1006 511 1061 et
532 995 762 1062 substantivum
786 998 930 1066 secundo
953 999 1026 1066 loco
1056 999 1193 1085 positum
1217 998 1354 1063 interce-

154 1114 219 1182 dat.
265 1110 484 1191 Quamobrem
517 1109 668 1197 Vergilius
698 1114 773 1179 Aen.
803 1116 850 1181 lll.
879 1115 921 1180 75
952 1113 1072 1199 optime
1103 1112 1213 1178 dicere
1238 1111 1352 1198 potuit:

157 1249 257 1294 «cras
280 1240 313 1292 et
336 1227 427 1292 litora
451 1226 617 1300 circum»,
640 1225 714 1311 quia
738 1248 805 1294 orae
831 1240 863 1295 et
885 1228 976 1294 litora
994 1226 1055 1292 hoc
1070 1227 1143 1294 loco
1160 1227 1254 1312 plane
1268 1225 1353 1291 idem

153 1340 346 1431 significant;
371 1341 472 1405 minus
495 1349 584 1427 recte
608 1337 754 1405 dixisset:
786 1364 860 1409 oras
883 1355 916 1409 et
938 1345 1057 1409 circum
1082 1343 1183 1408 litora.

242 1456 347 1535 Quum
377 1453 450 1521 haec
480 1452 660 1520 collocandi
690 1455 769 1521 ratio
801 1455 874 1521 nihil
898 1457 982 1523 aliud
1006 1459 1045 1522 sit
1068 1479 1163 1546 quam
1188 1454 1353 1543 quoddam

152 1570 373 1657 anastrophes‘
388 1590 503 1656 genus,
527 1569 620 1635 lacile
644 1558 823 1657 intelligitur
845 1572 930 1638 solas
946 1573 1189 1658 prepositiones
1204 1569 1352 1660 dissylla-

153 1685 227 1762 bas,
262 1687 439 1772 praesertim
470 1704 539 1760 eas,
574 1703 652 1770 quoe
684 1683 819 1750 localem
853 1686 913 1751 vim
944 1685 1079 1762 hahent,
1117 1687 1163 1751 sic
1193 1683 1352 1750 adhiberi.

151 1801 263 1886 Neque
288 1818 361 1863 raro
385 1797 541 1863 eiusmodi
565 1797 775 1884 anastrophe,
810 1800 878 1864 sive
908 1801 1103 1866 substantiva
1128 1821 1203 1888 quae
1226 1819 1351 1885 praece-

153 1915 231 1980 dunt
262 1911 422 1989 eiusdem,
461 1912 528 1978 sive
559 1911 697 1977 diversae
726 1913 861 1978 notionis
889 1929 975 1992 sunt,
1010 1936 1116 2002 neque
1147 1914 1233 2000 apud
1265 1913 1351 1978 solos

153 2042 265 2115 poetas
293 2026 465 2107 invenitur3
502 2025 563 2092 hac
595 2027 677 2092 enirn
709 2004 831 2093 ratione
864 2029 1039 2114 scriptores
1069 2029 1100 2094 id
1129 2039 1351 2115 assequuntur,

154 2156 186 2208 ut
210 2144 270 2206 iam
295 2141 365 2227 ipso
391 2138 562 2206 verborum
586 2141 699 2207 ordine
731 2142 992 2228 praepositioncrn
1016 2144 1055 2209 ad
1082 2157 1252 2230 utrumque
1274 2139 1351 2208 sub-

150 2257 320 2323 stantivum
345 2254 547 2320 referendam
572 2277 645 2322 esse
667 2255 743 2320 satis
771 2255 942 2337 iudicetur;
980 2259 1020 2325 ol.
1050 2234 1212 2333 Tacitum,
1243 2256 1352 2344 quiin

151 2373 239 2437 libris
262 2369 304 2434 ab
328 2390 463 2434 excessu
487 2369 549 2449 divi
574 2370 700 2458 Augusti
726 2371 970 2457 praepositiones
992 2378 1089 2449 inter,
1112 2393 1234 2448 corum,
1257 2371 1354 2436 simul

151 2488 269 2572 saepius
294 2487 334 2549 ita
359 2484 536 2568 postponit,
569 2472 596 2551 ti.
621 2487 641 2551 Ι.
666 2489 725 2563 tto;
751 2487 797 2552 tv.
820 2487 858 2566 8;
883 2487 940 2562 55;
966 2489 1025 2556 XV.
1050 2489 1086 2553 61
1106 2491 1157 2570 ¹¹).
1202 2485 1352 2551 Similiter

151 2601 299 2666 Horatius
323 2600 583 2684 praepositionem
602 2610 734 2687 propter
757 2605 778 2668 l.
801 2616 858 2668 sat.
882 2604 918 2679 3,
945 2602 1025 2668 loc:
1056 2579 1229 2691 oglandein
1253 2613 1351 2687 atque

152 2715 267 2782 cubilia
293 2726 427 2801 propter
440 2738 473 2790 n,
498 2727 529 2778 et
546 2714 953 2802 Vergiliuspraepositiones
968 2719 1101 2792 circum,
1125 2719 1222 2792 inter,
1245 2715 1352 2780 subter

152 2830 268 2916 Georg.
293 2829 327 2896 ll.
351 2828 433 2894 382:
460 2849 586 2916 «pagos
609 2844 642 2896 et
665 2833 802 2918 compita
827 2832 946 2898 circum
957 2854 992 2911 ›>;
1016 2830 1081 2895 ibid
1105 2831 1186 2896 3t5:
1213 2830 1351 2917 «frigus-

151 2967 215 3032 que
239 2942 447 3032 caloremque
471 2946 598 3020 intern3
629 2950 705 3010 Aer).
727 2947 792 3010 Xll.
816 2946 897 3012 352:
931 2945 1028 3009 «lora
1043 2936 1084 3010 'et
1108 2945 1179 3032 iuga
1203 2943 1352 3010 subter».

152 3058 293 3124 Valerius
324 3059 585 3144 praepositionem
614 3062 710 3124 r'uurtu
744 3061 790 3126 sic
820 3059 965 3125 adhibuit
997 3063 1030 3126 ll.
1062 3061 1142 3127 t93:
1188 3055 1352 3124 «accubat

152 3175 317 3241 attonitum
342 3172 505 3263 Phlegyan
531 3189 563 3238 et
586 3171 710 3239 Thesea
734 3175 856 3240 iuxta».
911 3175 1029 3242 Eadem
1060 3175 1244 3262 praepositio
1271 3174 1354 3237 inter

152 3290 342 3355 adiectivum
367 3299 400 3352 et
422 3287 653 3352 substantivum
686 3289 830 3354 secundo
859 3289 931 3354 loco
955 3292 1091 3377 positum
1117 3289 1285 3357 intercedit
1308 3287 1357 3353 Vl.

155 3405 234 3468 tta:
269 3401 452 3490 «Scythicis
481 3423 577 3489 quem
610 3403 733 3490 Jupiter
764 3403 828 3468 oris
851 3406 1020 3492 progenuit
1044 3405 1176 3471 viridem
1200 3406 1353 3493 llpracen

154 3519 367 3605 Tibisenaque
390 3517 475 3581 iuxta
500 3518 619 3583 ostia».

242 3633 368 3718 Saepius
392 3652 471 3698 vero
495 3631 740 3716 praepositiones
765 3623 1005 3723 monosyllabas
1020 3634 1189 3720 posteriori
1205 3631 1354 3698 substan-

154 3752 217 3814 tivo
229 3747 287 3814 soli
300 3746 426 3812 additas
439 3743 594 3822 invenies,
618 3766 693 3833 quae
705 3768 803 3834 quum
820 3747 1037 3834 anastrophen
1053 3772 1114 3814 non
1128 3749 1294 3814 admittant
1309 3781 1353 3792 -

154 3863 264 3928 saltem
296 3859 381 3926 nullo
422 3857 573 3924 attributo
604 3859 823 3948 subsequente
856 3899 895 3909 ——
926 3877 980 3926 aut
1012 3865 1261 3949 praernittuntur,
1300 3870 1355 3926 aut

159 3977 240 4044 inter
263 3975 494 4042 substantivum
519 3975 653 4061 eiusque
676 3976 860 4041 attributum
886 3977 990 4043 locum
1015 3977 1145 4044 habent.

245 4093 309 4156 lam
335 4089 459 4155 verosi
484 4090 649 4175 exempla,
687 4096 808 4178 quae‘e
840 4102 1000 4177 poetarum
1024 4096 1150 4180 scriptis
1173 4092 1356 4167 afferuntur,

158 4209 337 4274 accuratius
360 4206 500 4292 inspicis,
525 4204 555 4269 id
581 4205 611 4269 in
636 4220 786 4308 promptu
802 4220 866 4284 est,
890 4207 1024 4273 vocibus
1040 4208 1110 4284 illis,
1134 4207 1250 4294 quibus
1274 4225 1358 4292 prae·

181 4457 213 4525 ιι)
231 4471 259 4509 v,
278 4453 411 4522 Draeger,
429 4449 535 4520 Syntax
552 4449 610 4504 und
625 4449 680 4506 Stil
699 4449 747 4505 des
765 4451 892 4522 Tacitus,
909 4469 974 4522 pag.
992 4455 1026 4509 77
1035 4493 1043 4523 ,
1061 4455 1089 4508 7.
1176 4431 1182 4438 .
