3054 5048
154 480 239 561 idem
265 479 363 570 ¹valet,
388 480 491 583 q'uorl:
515 493 665 583 querelas
689 494 857 560 effundens
881 496 909 560 it
957 495 1051 562 llulto
1075 496 1167 583 igitur
1190 483 1355 563 meliorem

152 613 340 676 sententiam
365 609 523 696 accipies,
554 613 578 675 si
604 612 644 675 itu
668 607 740 676 hrec
765 608 863 675 verbo
891 611 1070 697 coniungis:
1101 611 1124 674 it
1146 613 1355 700 queriturque

152 747 237 814 tegra
256 738 374 812 parens
388 743 488 813 super
501 719 693 790 tumentibus
708 724 808 790 undis.
839 725 987 790 Similiter
1005 723 1156 812 Vergilius
1170 732 1244 791 hen.
1258 728 1278 792 l.
1294 729 1353 791 29:

155 862 168 900 r
179 863 278 928 super
302 842 435 906 iactatos
458 853 601 927 aequore
627 849 717 903 toto»
745 861 821 924 pro:
845 841 978 906 iactatos
1001 861 1099 927 super
1123 859 1256 927 aequore
1277 852 1355 908 toto.

240 945 361 1020 Praete'r
393 955 653 1040 perpessionem
684 967 779 1040 super
809 954 1054 1040 prepositiones
1090 958 1216 1038 eontra,
1247 925 1352 1028 isicio,

148 1070 271 1146 intera
297 1059 419 1136 Valerio
443 1079 533 1161 saepe
559 1068 648 1132 nirnis
671 1088 688 1132 e
713 1067 909 1134 substantivo
937 1080 1153 1134 removentur.
1199 1069 1351 1154 Exempla

149 1167 252 1248 hebes
281 1167 330 1248 his
360 1183 455 1248 locis.¹
506 1177 693 1268 Praepositio
726 1177 854 1248 contro:
892 1183 938 1247 Vl.
969 1183 1050 1250 tto:
1089 1204 1234 1270 «meque
1266 1183 1351 1246 venit

148 1306 301 1376 contram
333 1287 354 1364 l.
385 1299 468 1362 6632
510 1309 714 1384 «contraque
744 1299 845 1362 ruenti
875 1309 931 1381 aut
959 1298 1061 1364 Athon
1092 1310 1147 1362 eut
1169 1287 1349 1380 llhotlopen

148 1462 155 1477 .
179 1460 187 1477 .
210 1461 218 1478 .
242 1411 423 1487 remulusn',
462 1411 514 1475 ubi
537 1410 708 1478 verborum
734 1411 815 1479 ordo
839 1412 946 1498 paullo
971 1410 1139 1478 obscurior
1163 1422 1220 1476 est.
1267 1411 1348 1488 Qnae

147 1525 248 1591 verba
278 1522 342 1590 hoc
378 1523 489 1600 modo,
531 1529 652 1591 utiam
686 1527 831 1591 Heinsius
861 1527 954 1600 vidit,
990 1523 1228 1612 transponenda
1261 1537 1347 1588 sunt:

149 1638 311 1705 aremulus
335 1638 430 1723 (lovi)
456 1641 572 1714 ruenti,
596 1642 614 1706 i.
638 1664 667 1706 es
691 1639 817 1705 fulmina
843 1639 1006 1718 incolenti,
1031 1651 1143 1706 contra
1166 1638 1268 1703 Athon
1293 1649 1348 1700 aut

145 1740 325 1839 Rhodopen
338 1775 364 1818 e.
396 1753 565 1818 Vaticanus
590 1756 671 1820 enim
690 1753 789 1819 habet
815 1768 997 1830 eruente»,
1022 1735 1117 1842 quod·
1141 1773 1158 1818 e
1184 1751 1348 1827 nonnullis

99 1855 100 1863 ἵ
144 1878 178 1930 ιιι
201 1866 242 1931 ab
268 1873 342 1954 hug.
367 1867 526 1954 Wagnero
558 1869 586 1932 in
621 1869 838 1934 accusativum
880 1880 1076 1934 eruentem»
1103 1880 1256 1933 mutatum
1282 1879 1340 1939 esti

143 1991 306 2066 tamquam
341 2002 379 2046 ex
414 1984 640 2068 praepositione
676 1999 842 2048 neoutran
876 1983 1043 2070 penderet.
1094 1983 1214 2050 Eodem
1248 1980 1344 2044 modo

143 2095 277 2160 verbum
302 2093 414 2161 ruendi
438 2098 697 2182 praepusitionem
723 2108 833 2162 'corrtra
857 2101 960 2164 statim
979 2097 1184 2186 subsequitur
1198 2098 1246 2163 lll.
1261 2097 1343 2160 7062

144 2231 284 2296 «aspera
309 2230 392 2275 nunc
418 2209 552 2295 pavidos
576 2224 686 2276 contra
712 2213 772 2276 ruit
795 2233 875 2301 agna
900 2201 1064 2278 leones‘l»

229 2315 416 2409 Praepositio
447 2326 561 2389 iuretur
592 2326 624 2391 v.
652 2315 733 2417 l87:
772 2343 895 2415 «quem
920 2343 1030 2392 comes
1054 2326 1159 2392 infelix
1181 2327 1342 2414 pariterss)

140 2437 181 2503 de
214 2459 374 2504 murmure
405 2439 488 2503 iuxta
521 2451 581 2506 stat
609 2456 739 2509 sorore.
794 2443 862 2508 Hoc
891 2441 964 2507 loeo
994 2453 1040 2506 tot
1071 2440 1227 2506 vocabule
1259 2442 1342 2504 inter

139 2572 249 2617 casum
281 2564 314 2616 et
344 2555 605 2638 praepositionem
636 2555 853 2633 intercedunt,
893 2569 926 2622 ut
963 2555 1014 2621 ille
1043 2557 1073 2621 in
1104 2555 1190 2621 initio
1220 2575 1340 2629 versus.

139 2665 211 2731 haec
235 2668 265 2731 iu
290 2667 357 2732 eius
381 2666 443 2734 line
468 2670 569 2753 posita
594 2670 642 2735 sit.
696 2669 825 2756 Optime
857 2671 1038 2758 comparari
1064 2682 1171 2757 potest
1193 2674 1270 2736 hem
1292 2670 1341 2734 Vl.

138 2782 217 2846 tal:
244 2803 366 2869 uquam
391 2782 502 2848 Troius
526 2780 623 2848 heros
647 2796 680 2849 ut
704 2785 839 2869 primum
863 2786 949 2851 iuxta
972 2786 1095 2852 stetit».

226 2897 413 2982 praepositio
437 2899 534 2962 intere
575 2899 605 2962 V.
636 2886 716 2961 375:
754 2920 841 2965 nnec
866 2901 967 2964 minus
991 2903 1074 2964 inter
1097 2899 1148 2966 ille
1173 2905 1219 2964 tot
1243 2897 1339 2984 ignoti

135 3009 239 3075 socias
262 3011 368 3098 gregis
391 3011 494 3076 haeret
517 3013 546 3075 in
571 3032 631 3076 una
647 3036 679 3093 »3
703 3012 775 3078 lllll.
799 3013 880 3077 227:
913 3038 926 3072 «
941 3013 1063 3102 Minyas
1087 3033 1247 3102 nunquam
1272 3031 1340 3074 me-

136 3125 183 3212 gis
207 3126 325 3191 eminet
356 3127 482 3202 interr,
521 3140 616 3214 quam
651 3127 886 3214 praepositionis
917 3129 1161 3194 collocationem
1192 3127 1338 3214 prolecto

135 3260 230 3305 nemo
254 3262 317 3304 uon
342 3241 551 3326 vituperabit;
573 3242 613 3308 cl.
637 3241 773 3318 16666,
797 3261 893 3329 quem
919 3241 1023 3308 locum
1048 3244 1109 3306 iem
1132 3261 1230 3329 supra
1254 3251 1337 3304 attu-

133 3353 239 3421 limnst
279 3356 349 3421 tsic
380 3356 423 3420 ait
454 3355 576 3442 hasque
606 3357 687 3421 inter
729 3357 821 3422 variis
859 3378 921 3422 nox
953 3356 1088 3443 plurima
1124 3356 1217 3422 dictis
1245 3363 1336 3439 rapta

135 3487 260 3537 vrcesn.
709 3486 711 3492 '

220 3587 284 3648 lam
317 3601 395 3649 vero
432 3585 460 3648 in
492 3582 553 3651 hac
584 3583 762 3652 collocandi
789 3586 910 3651 ratione
943 3583 973 3649 ld
1005 3585 1145 3673 inprimis
1168 3581 1335 3650 observari
1377 3567 1381 3575 ’

133 3741 141 3750 r·
269 3740 275 3752 r
392 3738 397 3746 ¹

170 3845 195 3915 ⁸)
211 3846 256 3900 Sic
276 3845 377 3916 scripsi
395 3861 429 3898 ex
447 3843 588 3915 Meynckii
608 3847 770 3902 coniectura
794 3849 828 3918 (ν’,
849 3848 949 3905 Rhein.
967 3837 1029 3902 Mus
1058 3852 1101 3904 22.
1121 3837 1218 3917 Jahrg.
1238 3844 1265 3900 S.
1283 3845 1336 3900 364

216 3943 277 4014 igi,
308 3959 369 4013 quae
394 3943 462 3995 mihi
487 3944 600 4012 quidem
624 3944 782 3998 certissima
805 3945 933 4013 videtur,
964 3962 1017 4015 pro
1049 3949 1184 4015 corrupte
1207 3943 1334 3996 codicum

218 4041 360 4109 scriptura
383 4047 512 4109 per'v03
532 4041 567 4094 cf.
588 4041 610 4095 Ι.
630 4043 681 4096 96:
701 4044 754 4110 „et
771 4043 841 4095 Iuno
859 4043 1006 4110 Argolicas
1019 4043 1128 4111 pariter
1139 4043 1334 4108 Macetumque

214 4155 266 4206 per
284 4137 368 4191 urbes
387 4136 497 4206 spargit
516 4177 522 4190 .
544 4178 550 4192 .
572 4139 615 4204 .“;
641 4137 709 4192 1bid.
734 4141 800 4194 296:
833 4139 930 4207 „hunc
948 4140 1053 4208 gravis*
1065 4141 1160 4194 Aeson
1179 4141 1209 4191 et
1227 4137 1335 4205 pariter

214 4234 282 4302 vigil
297 4233 441 4287 Alcimede
448 4235 479 4300 “3
509 4233 547 4290 ib.
565 4233 632 4290 408:
656 4239 713 4303 „ut
737 4234 829 4289 socius
849 4253 914 4289 caro
933 4237 1041 4305 pariter
1058 4235 1212 4289 meditetur
1229 4233 1334 4286 Achilli

215 4327 262 4383 fila
285 4332 390 4398 lyrae“;
418 4335 474 4386 etc.
511 4330 582 4384 Nem
607 4330 771 4384 coniectura
788 4331 908 4399 Pari0,
928 4350 989 4402 quse
1008 4334 1092 4401 vulgo
1111 4333 1140 4385 in
1160 4329 1332 4385 editionibus

216 4427 334 4495 legitur,
367 4432 400 4482 ul
418 4429 478 4481 iure
495 4427 659 4494 Meynckius
678 4428 823 4497 observat,
850 4429 946 4498 inepta
965 4434 1009 4484 est
1027 4447 1117 4498 neque
1137 4429 1186 4498 iis,
1218 4425 1279 4495 quer}
1298 4427 1334 4482 ΙΙ.

218 4527 270 4582 466
288 4526 435 4594 leguntur,
455 4525 568 4579 defendi
586 4529 692 4595 potest.

1048 4613 1061 4680 ,1
1075 4615 1094 4655 *
